|0000|001|0|||01082011|31082011|ESTABELECIMENTO TOTVS - N ALTERAR CONTAS|53113791001790|SC|4209102||00|0|
|0001|0|
|0100|CONTABILISTA NEW|79195806920|SC125|01905585000232|89200000|SANTOS DUMONT|831|FUNDOS|SANTO ANTONIO|47 2121000|47 2121000|CONTADOR2@TOTVS.COM.BR|4209102|
|0110|3|2|1|
|0111|630,00|100,00|153,00|6,20|889,20|
|0140|10000|ESTAB 10000 (NAO EXCLUIR)|03483185000120|SP|255119682|3550308|85369||
|0150|9179|CONSTRUMARQUES JAU MATS CONSTR LTDA|1058|33040122000160|||3304557||AV DO CAFE|632||V NETINHO|
|0190|KG|KILOGRAMA|
|0200|13T|ITEM CONTROLE TOTAL|||KG|90|11081200||11||10,00|
|0400|5111ST|VENDA DE PRODUTOS-ST|
|0450|1|*IPI ALIQUOTA ZERO CLASS FISCAL A-7308.30.00 E C-7610.10.00  IPI ALIQUOTA 5% CLASS FISCAL B-7308.90.90  CONF.DECRETO 6006 DE 28/12/2006 *IPI ALIQUOTA ZERO CLASS FISCAL D-7610.90.00 CONF DECRETO 6455 DE 12/05/2008 * TRANSPORTE DE CARGA PROPRIA|
|0140|1|ESTABELECIMENTO TOTVS - Ñ ALTERAR CONTAS|53113791001790|SC|255721161|4209102|85369||
|0150|1|SASAZAKI INDUSTRIA E COMERCIO LTDA ACAO.|1058|52045697000110||438010070113|3529005||AV EUGENIO CONEGLIAN|10604||DISTR INDUSTRIAL|
|0150|12704|NICOM COMERC MATS PARA CONSTRUCOES LTDA|1058|60403110000207||112787846111|3550308||RUA ATICA|49||BROOKLIN|
|0150|13|TREZA SA|1058|61101895000498||438017330116|3550308||RUA XV DE NOVEMBRO|16941000||CENTRO|
|0150|70|LOJA DO PINTOR E CONSTRUTOR LTDA|1058|49889140000151||237002160115|3508801||AV DOM PEDRO XII|555||CENTRO|
|0190|CT|CENTO|
|0190|CX|CAIXA|
|0190|KG|KILOGRAMA|
|0190|M|METRO|
|0190|PC|PECA|
|0190|UN|UNIDADE|
|0200|13C|ITEM CONTROLE CONSIGNADO|||KG|90|11081200||11||17,00|
|0200|13CC|ITEM CONTROLE CONSIGNADO 2|||PC|90|73083000||73||0,00|
|0200|13D|ITEM D¿BITO DIRETO|||PC|90|00000000||00|103|0,00|
|0200|13F|ITEM CONTROLE TOTAL|||KG|90|73083000||73||17,00|
|0200|DD|MATERIAL D.DIRETO - TRIBUTADO|||PC|07|||||7,00|
|0200|13FF|ITEM CONTROLE FISICO|||KG|90|11081200||11|103|17,00|
|0200|13T|ITEM CONTROLE TOTAL|||KG|90|11081200||11||17,00|
|0200|40F|ITEM CONTROLE F?SICO|||KG|90|73083000||73||14,00|
|0200|40T|ITEM CONTROLE TOTAL|||KG|90|73083000||73||15,00|
|0200|7700|7700|||PC|90|00000000||00||0,00|
|0200|AAA|TESTE|||PC|03|73089090||73||0,00|
|0205|TESTE|01012000|24082011||
|0200|ABJC-100|ALAVANCA COM BOTAO MONTADO|||PC|03|73089090||73||0,00|
|0200|AC-007|DESLIZANTE SUP ROD POLIETILENO AD|||PC|03|73089090||73||0,00|
|0200|P3|ITEM COMPOSTO - PAI E FILHOS BAIXAM ESTOQUE|||KG|90|73083000||73||17,00|
|0200|REF|ITEM CONTROLE POR REFERENCIA|||KG|01|73083000||73||17,00|
|0200|SOJA|SOJA EM GRAOS A GRANEL - ORIGINACAO DE GRAOS|||KG|90|34031900||34||0,00|
|0200|FB2|ITEM COMPONENTE 2 - BAIXA ESTOQUE|||M|90|73083000||73||17,00|
|0200|KA02L|KARINE KA02L LOTE|||PC|90|73083000||73||0,00|
|0205|KARINE KA02L LOTE|01012000|20072011||
|0200|LOD01|ITEM CONTROLE TOTAL|||PC|90|73089090||73||0,00|
|0200|P1|ITEM COMPOSTO - PAI BAIXA ESTOQUE - FILHOS N?O|||KG|90|73083000||73||17,00|
|0200|P2|ITEM COMPOSTO - PAI N?O BAIXA ESTOQUE -  FILHOS BAIXAM|||KG|90|73083000||73||17,00|
|0200|.COMPRAS|.COMPRAS - PROJETO 87|||PC|00|73089090||73||0,00|
|0205|.COMPRAS - PROJETO 87|12082011|29082011||
|0200|.COMPRAS.FISICO|.COMPRAS CONTROLE FISICO - PROJETO 87|||PC|01|73089090||73||0,00|
|0200|.COMPRAS.LOTE|.COMPRAS CONTROLE LOTE - PROJETO 87|||PC|01|73089090||73||0,00|
|0200|.COMPRASCN|.COMPRAS - ITEM PARA CONTRATO PROJETO 87|||PC|01|73089090||73||0,00|
|0200|.COMPRASCONSIGNA|.COMPRAS CONSIGANACAO - PROJETO 87|||PC|01|73089090||73||0,00|
|0205|.COMPRAS CONSIGANAÇÃO - PROJETO 87|01012000|05072011||
|0200|.COMPRASDD|.COMPRAS DEBITO DIRETO - PROJETO 87|||PC|01|73089090||73||0,00|
|0200|.COMPRASNO.SERIE|.COMPRAS CONTROLE NO SERIE - PROJETO 87|||PC|01|73089090||73||0,00|
|0205|.COMPRAS CONTROLE NO SERIE - PROJETO 87|06072011|18082011||
|0200|.COMPRASREFERENC|.COMPRAS CONTOLE POR REFERENCIA - PROJETO 87|||PC|01|73089090||73||0,00|
|0200|.DANF-E|.DANF-E|||KG|01|73083000||73||0,00|
|0205|.DANF-E|01012000|06072011||
|0200|.DANFE|.DANF-E-.DANF-E-.DANF-E-.DANF-E.DANF-E-.DANF-E-.DANF-E-.DAN.|||KG|90|73083000||73||0,00|
|0200|.DANFE-TAMANHOCP|.DANFE-OUTROS/.DANFE-OUTROS/.DANFE-OUTROS/.DANFE-OUTROS/.DAN|||PC|90|34031900||34||0,00|
|0200|.DANFE-TRIBUTADO|.DANFE-TRIBUTADO.DANFE-TRIBUTADO.DANFE-TRIBUTADO.DANFE-TRIB|||UN|90|34031900||34||0,00|
|0200|06.01.038-5|BPAE       -280X05 APACZA|||PC|04|73083000||73||17,00|
|0200|1122|ITEM 1122|||PC|90|00000000||00||0,00|
|0205|ITEM 1122|25082011|29082011||
|0400|11111|COMPRA DE INSUMOS|
|0400|1112|COMPRA DE INSUMOS|
|0400|111A|COMPRA MATERIA PRIMA|
|0400|111AGR|MATERIAL AGREGADO|
|0400|111EFF|ENTREGA FUTURA - FATURA|
|0400|111EFR|ENTREGA FUTURA - REMESSA|
|0400|111FAF|FATURAMENTO ANTECIPADO - FATURA|
|0400|111FAR|FATURAMENTO ANTECIPADO - REMESSA|
|0400|11EFFR|ENTREGA FUTURA - FATURA (ESCR.REM)|
|0400|11FAFR|FATURAM ANTECIPADO-FATURA (ESC.REM)|
|0400|1352|TRANSPORTE|
|0400|19401|RETORNO DE BENEFICIAMENTO|
|0400|19402|RET. DE BENEF. - MATERIAL AGREGADO|
|0400|211DEV|DEVOLUCAO|
|0400|211MRI|COMPRA DE ATIVO IMOBILIZADO _ MRI|
|0400|211STO|COMPRA ICMS SUBS ANTECIP SOMA ST|
|0400|2STAOU|COMPRA ICMS SUBS ANTECIP ICMS OU|
|0400|511EFF|ENTREGA FUTURA - FATURAMENTO|
|0400|51DFAR|DEVOLUCAO CLIENTE FAT ANTEC|
|0400|6101|VENDA FORA ESTADO|
|0400|610110|VDA MERCADORIA|
|0400|611-IE|VENDA DE PRODUTOS FAVOR NAO ALTERAR|
|0400|6111|VENDA DE PRODUTOS|
|0400|611EFF|ENTREGA FUTURA - FATURAMENTO|
|0400|611JEC|VENDA|
|0400|611OTF|OPERA?? OTRIANGULAR - FATURA|
|0400|611RFA|REMESSA FATURAMENTO ANTECIPADO|
|0400|611SC|VENDA DE PRODUTOS-ST|
|0400|611SER|SERVICO|
|0400|611ST|VENDA - ICMS ST|
|0400|611STA|VENDA - ICMS ST / COBRADO ANTERIOR|
|0400|611SUB|VENDA - ICMS ST|
|0400|611TB|VENDA - TRIBUTADA ICMS|
|0400|6123|VENDA DE MERCADORIAS|
|0400|621SER|SERVICO MODELO 21|
|0400|699STA|DEVOL FORNEC SUBST TRIB ANTEC - EST|
|0400|69DEVL|DEVOLUCAO A FORNECEDOR|
|0450|1|DOCTO REFERENCIADO|
|0450|4|MERCADORIA RECEBIDA POR MEIO DA SUA NOTA FISCAL MOTIVO FORA DAS ESPECIFICACOES TECNICAS IPI PARA CREDITO DO DESTINATARIO|
|0450|6|*IPI ALIQUOTA ZERO CLASS FISCAL A-7308.30.00 E C-7610.10.00  IPI ALIQUOTA 5% CLASS FISCAL B-7308.90.90  CONF.DECRETO 6006 DE 28/12/2006 *IPI ALIQUOTA ZERO CLASS FISCAL D-7610.90.00 CONF DECRETO 6455 DE 12/05/2008 * TRANSPORTE DE CARGA PROPRIA|
|0450|7|*IPI ALIQUOTA ZERO CLASS FISCAL A-7308.30.00 E C-7610.10.00  IPI ALIQUOTA 5% CLASS FISCAL B-7308.90.90  CONF.DECRETO 6006 DE 28/12/2006 *IPI ALIQUOTA ZERO CLASS FISCAL D-7610.90.00 CONF DECRETO 6455 DE 12/05/2008 * TRANSPORTE DE CARGA PROPRIA|
|0450|9|ICMS SUSPENSO CONF. ARTIGO 402 PARAGRAFO 1 DO RICMS/00|
|0450|12|ICMS ISENTO ANEXO I, ART 5* DO RICMS/00 IPI ISENTO DEC 4544/2002, ART 105 DO RIPI/2002|
|0450|13|LOCAL COLETA ENTREGA RELACIONADO|
|0450|14|*IPI ALIQUOTA ZERO CLASS FISCAL A-7308.30.00 E C-7610.10.00  IPI ALIQUOTA 5% CLASS FISCAL B-7308.90.90  CONF.DECRETO 6006 DE 28/12/2006 *IPI ALIQUOTA ZERO CLASS FISCAL D-7610.90.00 CONF DECRETO 6455 DE 12/05/2008 * TRANSPORTE DE CARGA PROPRIA   ICMS RETI|
|0450|15|ICMS RETIDO NA FONTE POR SUBST. TRIBUTARIA COM BASE: 566,38 E VALOR: 112,02|
|0500|01062011|01|A|5|112110500000105|ICMS SOBRE REMESSA|1.01.01.01.00||
|0500|01062011|01|A|5|112110700000107|IPI SOBRE REMESSA|1.01.01.01.036||
|0500|01062011|01|A|5|112112000000120|ICMS DE ATIVO IMOBILIZADO|1.01.01.01.041||
|0500|01062011|01|A|5|112210600000106|CONVUNIO MUDICO|1.01.01.01.046||
|0500|01062011|01|A|5|112211400000114|VALE TRANSPORTE|1.01.01.01.00||
|0500|01062011|01|A|5|112500100000001|MATURIAS PRIMAS|1.01.01.01.00||
|0500|01062011|01|A|5|112510100000101|ESTOQUES PARA INDUSTRIALIZAÞOO|1.01.01.01.067||
|0500|01062011|01|A|5|113015800000158|REVERSOO DE MATURIA-PRIMA|1.01.01.01.085||
|0500|01062011|01|A|5|132020100000201|EQUIPTOS EM FABRICAÞOO|1.01.01.01.00||
|0500|01062011|02|A|4|211050400000530|ENTRADA CONSIGNACAO|1.01.01.01.148||
|0500|01062011|02|A|4|211050400000601|SALDO POR GRUPO DE ESTOQUE|1.01.01.01.00||
|0500|01062011|04|A|2|311311311312113|MATERIA EM TRANSITO (IMPORTACAO)|1.01.01.01.00||
|0500|01062011|04|A|2|311311311315113|DESPESA EXPORTACAO|1.01.01.01.197||
|0500|01062011|04|A|4|413050100000502|ENTREGA FUTURA (DESPESA)|1.01.01.01.00||
|0500|01062011|04|A|4|413050100000503|FATURAMENTO ANTECIPADO (DESPESA)|1.01.01.01.00||
|0500|01062011|04|A|6|511110100000101|VENDAS MERCADO INTERNO - AÞO|1.01.01.01.204||
|0600|01011900|010701010000101|ADMINISTRAÞÒO DE PRODUÞÒO AÞO I|
|0600|01011900|010702030000203|GRADE|
|0990|129|
|A001|0|
|A010|53113791001790|
|A100|1|0|70|00|5||76193||02082011|02082011|102,00|0||102,00|1,68|102,00|7,75||||
|A110|9|ICMS SUSPENSO CONF. ARTIGO 402 PARÁGRAFO 1 DO RICMS/00|
|A170|1|13D||102,00|0,00|||02|102,00||1,68|02|102,00||7,75|112110500000105|010701010000101|
|A100|1|0|13|00|5||7032014||20082011|20082011|4500,00|9||0,00|0,00|0,00|0,00||||
|A170|1|DD||4500,00|0,00|||99||1,65|0,00|99||7,60|0,00|511110100000101|010702030000203|
|A990|8|
|C001|0|
|C010|53113791001790|2|
|C100|0|1|13|01|00|1|500||10082011|10082011|4528,65|2|||3360,00|2||||2360,00|165,20|5656,51|1118,65|50,00|55,44|255,36|||
|C110|1|DOCTO REFERENCIADO|
|C170|1|40T||20,00000|KG|2060,00|0,00|0|110|2101|211DEV|2060,00|7,00|144,20|4937,48|0,00|976,45|0|02||0,00|0,00|0,00|01|2060,00|1,6500|||33,99|01|2060,00|7,6000|||156,56|112510100000101|
|C170|2|13D|NARRATIVA INFORMADA \O/ \O/ \O/ \O/ EEEEEEEEEEE|5,00000|PC|300,00|0,00|0|110|2101|211DEV|300,00|7,00|21,00|719,03|0,00|142,20|0|02||0,00|0,00|0,00|01|300,00|1,6500|||4,95|01|300,00|7,6000|||22,80|112211400000114|
|C170|3|.COMPRAS||100,00000|PC|1000,00|0,00|0|130|2101|211DEV|0,00|0,00|0,00|0,00|0,00|0,00|0|00||1000,00|5,00|50,00|01|1000,00|1,6500|||16,50|01|1000,00|7,6000|||76,00|211050400000601|
|C100|0|1|4|01|00|1|600||23082011|23082011|700,00|2|||700,00|2||||700,00|49,00||||11,55|53,20|||
|C110|1|DOCTO REFERENCIADO|
|C170|1|.COMPRAS||1,00000|PC|300,00|0,00|0|110|2101|211DEV|300,00|7,00|21,00|0,00|0,00|0,00|0|02||0,00|0,00|0,00|01|300,00|1,6500|||4,95|01|300,00|7,6000|||22,80|211050400000601|
|C170|2|40F||2,00000|KG|400,00|0,00|0|010|2101|211DEV|400,00|7,00|28,00|0,00|0,00|0,00|0|02||0,00|0,00|0,00|01|400,00|1,6500|||6,60|01|400,00|7,6000|||30,40|112510100000101|
|C100|0|1|1|01|00|1|601||25082011|25082011|1198,16|2|||1026,70|2||||1026,70|71,87|1390,66|171,46||16,95|78,03|||
|C110|1|DOCTO REFERENCIADO|
|C170|1|DD||1,00000|PC|916,70|0,00|1|010|2101|211DEV|916,70|7,00|64,17|1241,65|0,00|153,09|0|02||0,00|0,00|0,00|01|916,70|1,6500|||15,13|01|916,70|7,6000|||69,67|413290100000901|
|C170|2|13D|NARRATIVA INFORMADA \O/ \O/ \O/ \O/ EEEEEEEEEEE|2,00000|PC|110,00|0,00|1|110|2101|211DEV|110,00|7,00|7,70|149,01|0,00|18,37|0|02||0,00|0,00|0,00|01|110,00|1,6500|||1,82|01|110,00|7,6000|||8,36|112211400000114|
|C100|0|1|13|01|00|1|1002||01082011|01082011|353,00|1|||250,00|2||||250,00|17,50||||4,13|19,00|||
|C170|1|13D||10,00000|PC|250,00|0,00|0|100|2101|211STO|250,00|7,00|17,50|0,00|0,00|0,00|0|01||250,00|0,00|0,00|01|250,00|1,6500|||4,13|01|250,00|7,6000|||19,00|112211400000114|
|C100|0|1|1|01|00|1|1003||05082011|05082011|937,82|0|||705,00|2||||705,00|49,35|||5,25|11,64|53,58|||
|C170|1|.COMPRAS||1,00000|PC|30,00|0,00|0|100|2101|211STO|30,00|7,00|2,10|0,00|0,00|0,00|0|00||30,00|5,00|1,50|01|30,00|1,6500|||0,50|01|30,00|7,6000|||2,28|211050400000601|
|C170|2|.COMPRAS.FISICO||3,00000|PC|75,00|0,00|0|100|2101|211STO|75,00|7,00|5,25|0,00|0,00|0,00|0|00||75,00|5,00|3,75|01|75,00|1,6500|||1,24|01|75,00|7,6000|||5,70|413290100000901|
|C170|3|.DANF-E||15,00000|UN|600,00|0,00|0|000|2101|211STO|600,00|7,00|42,00|0,00|0,00|0,00|0|01||600,00|0,00|0,00|01|600,00|1,6500|||9,90|01|600,00|7,6000|||45,60|112510100000101|
|C100|0|1|12704|01|00|1|1108||11082011|11082011|10000,00|0|||10000,00|2|||||||||165,00|760,00|||
|C170|1|.COMPRAS||100,00000|PC|10000,00|0,00|0|190|1101|111EFF|0,00|0,00|0,00|0,00|0,00|0,00|0|00||0,00|0,00|0,00|06|10000,00|0,0000|||165,00|06|10000,00|0,0000|||760,00|413050100000502|
|C100|0|1|1|55|00|1|1148||26082011|26082011|100,00|2|||100,00|2||||100,00|17,00||||||||
|C170|1|40T||10,00000|KG|100,00|0,00|1|100|1352|1352|100,00|17,00|17,00|0,00|0,00|0,00|0|49||100,00|0,00|0,00|99||1,6500|||0,00|99||7,6000|||0,00|511110100000101|
|C100|0|1|1|55|00|1|1153||26082011|26082011|200,00|2|||200,00|2||||200,00|||||||||
|C170|1|40T||5,00000|KG|200,00|0,00|1|100|1352|1352|200,00|17,00|0,00|0,00|0,00|0,00|0|49||200,00|0,00|0,00|99||1,6500|||0,00|99||7,6000|||0,00|511110100000101|
|C100|0|1|12704|01|00|1|1208||12082011|12082011|100,00|2|||100,00|2|||||||||1,65|7,60|||
|C170|1|.COMPRAS||80,00000|PC|100,00|0,00|1|190|1101|111FAF|0,00|0,00|0,00|0,00|0,00|0,00|0|00||0,00|0,00|0,00|06|100,00|0,0000|||1,65|06|100,00|0,0000|||7,60|413050100000503|
|C100|0|1|12704|01|00|1|1295||01082011|01082011|133,00|0|||133,00|2|||||||||2,20|10,11|||
|C170|1|.COMPRAS||11,00000|PC|55,00|0,00|1|190|1101|111FAF|0,00|0,00|0,00|0,00|0,00|0,00|0|00||0,00|0,00|0,00|06|55,00|0,0000|||0,91|06|55,00|0,0000|||4,18|413050100000502|
|C170|2|.COMPRAS.LOTE||13,00000|PC|78,00|0,00|1|190|1101|111FAF|0,00|0,00|0,00|0,00|0,00|0,00|0|00||0,00|0,00|0,00|06|78,00|0,0000|||1,29|06|78,00|0,0000|||5,93|413050100000502|
|C100|0|1|12704|01|00|1|1296||01082011|01082011|100,00|0|||100,00|2|||||||||1,65|7,60|||
|C170|1|.COMPRAS||10,00000|PC|40,00|0,00|1|190|1101|111FAF|0,00|0,00|0,00|0,00|0,00|0,00|0|00||0,00|0,00|0,00|06|40,00|0,0000|||0,66|06|40,00|0,0000|||3,04|413050100000502|
|C170|2|.COMPRAS.LOTE||12,00000|PC|60,00|0,00|1|190|1101|111FAF|0,00|0,00|0,00|0,00|0,00|0,00|0|00||0,00|0,00|0,00|06|60,00|0,0000|||0,99|06|60,00|0,0000|||4,56|413050100000502|
|C100|0|1|12704|01|00|1|1302||02082011|02082011|121,00|0|||121,00|2|||||||||2,00|9,20|||
|C170|1|.COMPRAS||11,00000|PC|121,00|0,00|1|190|1101|111FAF|0,00|0,00|0,00|0,00|0,00|0,00|0|00||0,00|0,00|0,00|06|121,00|0,0000|||2,00|06|121,00|0,0000|||9,20|413050100000502|
|C100|0|1|12704|01|00|1|1305||04082011|04082011|175,00|0|||175,00|2|||||||||2,89|13,30|||
|C170|1|.COMPRAS||35,00000|PC|175,00|0,00|1|190|1101|111FAF|0,00|0,00|0,00|0,00|0,00|0,00|0|00||0,00|0,00|0,00|06|175,00|0,0000|||2,89|06|175,00|0,0000|||13,30|413050100000503|
|C100|0|1|12704|01|00|1|1308||04082011|04082011|175,00|0|||175,00|2|||||||||2,89|13,30|||
|C170|1|.COMPRAS||35,00000|PC|175,00|0,00|1|190|1101|111FAF|0,00|0,00|0,00|0,00|0,00|0,00|0|00||0,00|0,00|0,00|06|175,00|0,0000|||2,89|06|175,00|0,0000|||13,30|413050100000503|
|C100|0|1|12704|01|00|1|1309||04082011|04082011|8,75|2||||2||||175,00|29,75|||8,75|||||
|C170|1|.COMPRAS||35,00000|PC|0,00|0,00|1|100|1101|111FAR|175,00|17,00|29,75|0,00|0,00|0,00|0|49||175,00|5,00|8,75|99||0,0000|||0,00|99||0,0000|||0,00|211050400000601|
|C100|0|1|12704|01|00|1|1311||08082011|08082011|164,00|0|||164,00|2|||||||||2,71|12,46|||
|C170|1|.COMPRAS||41,00000|PC|164,00|0,00|1|190|1101|111FAF|0,00|0,00|0,00|0,00|0,00|0,00|0|00||0,00|0,00|0,00|06|164,00|0,0000|||2,71|06|164,00|0,0000|||12,46|413050100000503|
|C100|0|1|12704|01|00|1|1312||08082011|08082011|172,00|0|||172,00|2|||||||||2,84|13,07|||
|C170|1|.COMPRAS||43,00000|PC|172,00|0,00|0|190|1101|111EFF|0,00|0,00|0,00|0,00|0,00|0,00|0|00||0,00|0,00|0,00|06|172,00|0,0000|||2,84|06|172,00|0,0000|||13,07|413050100000502|
|C100|0|1|12704|01|00|1|1330||10082011|10082011|400,00|0|||400,00|2|||||||||6,60|30,40|||
|C170|1|.COMPRAS||100,00000|PC|400,00|0,00|1|190|1101|111FAF|0,00|0,00|0,00|0,00|0,00|0,00|0|00||0,00|0,00|0,00|06|400,00|0,0000|||6,60|06|400,00|0,0000|||30,40|413050100000503|
|C100|0|1|12704|01|00|1|1334||10082011|10082011|140,00|0|||140,00|2|||||||||2,31|10,64|||
|C170|1|LOD01||35,00000|PC|140,00|0,00|0|190|1101|111EFF|0,00|0,00|0,00|0,00|0,00|0,00|0|00||0,00|0,00|0,00|06|140,00|0,0000|||2,31|06|140,00|0,0000|||10,64|413050100000502|
|C100|0|1|12704|01|00|1|1336||10082011|10082011|396,00|0|||396,00|2|||||||||6,53|30,10|||
|C170|1|LOD01||99,00000|PC|396,00|0,00|0|190|1101|111EFF|0,00|0,00|0,00|0,00|0,00|0,00|0|00||0,00|0,00|0,00|06|396,00|0,0000|||6,53|06|396,00|0,0000|||30,10|413050100000502|
|C100|0|1|12704|01|00|1|1337||10082011|10082011|180,00|0|||180,00|2|||||||||2,97|13,68|||
|C170|1|.COMPRAS||45,00000|PC|180,00|0,00|1|190|1101|111FAF|0,00|0,00|0,00|0,00|0,00|0,00|0|00||0,00|0,00|0,00|06|180,00|0,0000|||2,97|06|180,00|0,0000|||13,68|413050100000503|
|C100|0|1|12704|01|00|1|1340||10082011|10082011|60,00|0|||60,00|2|||||||||0,99|4,56|||
|C170|1|.COMPRAS||15,00000|PC|60,00|0,00|1|190|1101|111FAF|0,00|0,00|0,00|0,00|0,00|0,00|0|00||0,00|0,00|0,00|06|60,00|0,0000|||0,99|06|60,00|0,0000|||4,56|413050100000503|
|C100|0|1|12704|01|00|1|1345||11082011|11082011|400,00|0|||400,00|2|||||||||6,60|30,40|||
|C170|1|.COMPRAS||100,00000|PC|400,00|0,00|0|190|1101|111EFF|0,00|0,00|0,00|0,00|0,00|0,00|0|00||0,00|0,00|0,00|06|400,00|0,0000|||6,60|06|400,00|0,0000|||30,40|413050100000502|
|C100|0|1|12704|01|00|1|1349||12082011|12082011|500,00|0|||500,00|2|||||||||8,25|38,00|||
|C170|1|.COMPRAS||10,00000|PC|40,00|0,00|1|190|1101|111FAF|0,00|0,00|0,00|0,00|0,00|0,00|0|00||0,00|0,00|0,00|06|40,00|0,0000|||0,66|06|40,00|0,0000|||3,04|413050100000503|
|C170|2|.COMPRAS.FISICO||15,00000|PC|60,00|0,00|1|190|1101|111FAF|0,00|0,00|0,00|0,00|0,00|0,00|0|00||0,00|0,00|0,00|06|60,00|0,0000|||0,99|06|60,00|0,0000|||4,56|413050100000503|
|C170|3|.COMPRAS.LOTE||20,00000|PC|80,00|0,00|1|190|1101|111FAF|0,00|0,00|0,00|0,00|0,00|0,00|0|00||0,00|0,00|0,00|06|80,00|0,0000|||1,32|06|80,00|0,0000|||6,08|413050100000503|
|C170|4|.COMPRASDD||25,00000|PC|100,00|0,00|1|190|1101|111FAF|0,00|0,00|0,00|0,00|0,00|0,00|0|00||0,00|0,00|0,00|06|100,00|0,0000|||1,65|06|100,00|0,0000|||7,60|413050100000503|
|C170|5|.COMPRASNO.SERIE||1,00000|PC|100,00|0,00|1|190|1101|111FAF|0,00|0,00|0,00|0,00|0,00|0,00|0|00||0,00|0,00|0,00|06|100,00|0,0000|||1,65|06|100,00|0,0000|||7,60|413050100000503|
|C170|6|.COMPRASREFERENC||30,00000|PC|120,00|0,00|1|190|1101|111FAF|0,00|0,00|0,00|0,00|0,00|0,00|0|00||0,00|0,00|0,00|06|120,00|0,0000|||1,98|06|120,00|0,0000|||9,12|413050100000503|
|C100|0|1|12704|01|00|1|1351||12082011|12082011|250,00|0|||250,00|2|||||||||4,13|19,00|||
|C170|1|.COMPRASDD||50,00000|PC|250,00|0,00|1|190|1101|111FAF|0,00|0,00|0,00|0,00|0,00|0,00|0|00||0,00|0,00|0,00|06|250,00|0,0000|||4,13|06|250,00|0,0000|||19,00|413050100000503|
|C100|0|1|12704|01|00|1|1353||16082011|16082011|100,00|0|||100,00|2|||||||||1,65|7,60|||
|C170|1|.COMPRAS.FISICO||20,00000|PC|100,00|0,00|0|190|1101|111EFF|0,00|0,00|0,00|0,00|0,00|0,00|0|00||0,00|0,00|0,00|06|100,00|0,0000|||1,65|06|100,00|0,0000|||7,60|413050100000502|
|C100|0|1|12704|01|00|1|1355||16082011|16082011|110,00|0|||110,00|2|||||||||1,82|8,36|||
|C170|1|.COMPRASDD||22,00000|PC|110,00|0,00|0|190|1101|111EFF|0,00|0,00|0,00|0,00|0,00|0,00|0|00||0,00|0,00|0,00|06|110,00|0,0000|||1,82|06|110,00|0,0000|||8,36|413050100000502|
|C100|0|1|12704|01|00|1|1357||16082011|16082011|125,00|0|||125,00|2|||||||||2,06|9,50|||
|C170|1|.COMPRAS.FISICO||25,00000|PC|125,00|0,00|1|190|1101|111FAF|0,00|0,00|0,00|0,00|0,00|0,00|0|00||0,00|0,00|0,00|06|125,00|0,0000|||2,06|06|125,00|0,0000|||9,50|413050100000503|
|C100|0|1|12704|01|00|1|1359||16082011|16082011|155,00|0|||155,00|2|||||||||2,56|11,78|||
|C170|1|.COMPRASDD||31,00000|PC|155,00|0,00|1|190|1101|111FAF|0,00|0,00|0,00|0,00|0,00|0,00|0|00||0,00|0,00|0,00|06|155,00|0,0000|||2,56|06|155,00|0,0000|||11,78|413050100000503|
|C100|0|1|12704|01|00|1|1362||17082011|17082011|275,00|0|||275,00|2|||||||||4,54|20,90|||
|C170|1|.COMPRAS||55,00000|PC|275,00|0,00|1|190|1101|111FAF|0,00|0,00|0,00|0,00|0,00|0,00|0|00||0,00|0,00|0,00|06|275,00|0,0000|||4,54|06|275,00|0,0000|||20,90|413050100000503|
|C100|0|1|12704|01|00|1|1363||17082011|17082011|13,75|2||||2||||275,00|46,75|||13,75|||||
|C170|1|.COMPRAS||55,00000|PC|0,00|0,00|1|100|1101|111FAR|275,00|17,00|46,75|0,00|0,00|0,00|0|49||275,00|5,00|13,75|99||0,0000|||0,00|99||0,0000|||0,00|211050400000601|
|C100|0|1|12704|01|00|1|1364||17082011|17082011|272,00|0|||272,00|2|||||||||4,49|20,67|||
|C170|1|.COMPRAS||68,00000|PC|272,00|0,00|1|190|1101|111FAF|0,00|0,00|0,00|0,00|0,00|0,00|0|00||0,00|0,00|0,00|06|272,00|0,0000|||4,49|06|272,00|0,0000|||20,67|413050100000503|
|C100|0|1|12704|01|00|1|1365||17082011|17082011|300,00|0|||300,00|2|||||||||4,95|22,80|||
|C170|1|.COMPRAS||75,00000|PC|300,00|0,00|0|190|1101|111EFF|0,00|0,00|0,00|0,00|0,00|0,00|0|00||0,00|0,00|0,00|06|300,00|0,0000|||4,95|06|300,00|0,0000|||22,80|413050100000502|
|C100|0|1|12704|01|00|1|1370||17082011|17082011|360,00|0|||360,00|2|||||||||5,94|27,36|||
|C170|1|.COMPRAS||90,00000|PC|360,00|0,00|1|190|1101|111FAF|0,00|0,00|0,00|0,00|0,00|0,00|0|00||0,00|0,00|0,00|06|360,00|0,0000|||5,94|06|360,00|0,0000|||27,36|413050100000503|
|C100|0|1|12704|01|00|1|1374||17082011|17082011|160,00|0|||160,00|2|||||||||2,64|12,16|||
|C170|1|.COMPRAS||40,00000|PC|160,00|0,00|0|190|1101|111EFF|0,00|0,00|0,00|0,00|0,00|0,00|0|00||0,00|0,00|0,00|06|160,00|0,0000|||2,64|06|160,00|0,0000|||12,16|413050100000502|
|C100|0|1|12704|01|00|1|1375||17082011|17082011|8,00|2||||2||||160,00|27,20|||8,00|||||
|C110|1|DOCTO REFERENCIADO|
|C170|1|.COMPRAS||40,00000|PC|0,00|0,00|1|100|1902|111EFR|160,00|17,00|27,20|0,00|0,00|0,00|0|49||160,00|5,00|8,00|99||0,0000|||0,00|99||0,0000|||0,00|211050400000601|
|C100|0|1|12704|01|00|1|1377||18082011|18082011|0,00|0||||2|||||||||||||
|C170|1|.COMPRAS||70,00000|PC|0,00|0,00|1|190|1101|11FAFR|0,00|0,00|0,00|0,00|0,00|0,00|0|49||0,00|0,00|0,00|99||0,0000|||0,00|99||0,0000|||0,00|413050100000503|
|C100|0|1|12704|01|00|1|1379||19082011|19082011|120,00|0|||120,00|2|||||||||1,98|9,12|||
|C170|1|.COMPRAS||30,00000|PC|120,00|0,00|1|190|1101|111FAF|0,00|0,00|0,00|0,00|0,00|0,00|0|00||0,00|0,00|0,00|06|120,00|0,0000|||1,98|06|120,00|0,0000|||9,12|413050100000503|
|C100|0|1|12704|01|00|1|1383||22082011|22082011|80,00|0|||80,00|2|||||||||1,32|6,08|||
|C170|1|.COMPRAS.LOTE||20,00000|PC|80,00|0,00|1|190|1101|111FAF|0,00|0,00|0,00|0,00|0,00|0,00|0|00||0,00|0,00|0,00|06|80,00|0,0000|||1,32|06|80,00|0,0000|||6,08|413050100000503|
|C100|0|1|12704|01|00|1|1386||22082011|22082011|332,50|0|||332,50|2|||||||||5,49|25,27|||
|C170|1|.COMPRAS||95,00000|PC|332,50|0,00|0|190|1101|111EFF|0,00|0,00|0,00|0,00|0,00|0,00|0|00||0,00|0,00|0,00|06|332,50|0,0000|||5,49|06|332,50|0,0000|||25,27|413050100000502|
|C100|0|1|12704|01|00|1|1388||22082011|22082011|240,00|0|||240,00|2|||||||||3,96|18,24|||
|C170|1|.COMPRAS||60,00000|PC|240,00|0,00|0|190|1101|111EFF|0,00|0,00|0,00|0,00|0,00|0,00|0|00||0,00|0,00|0,00|06|240,00|0,0000|||3,96|06|240,00|0,0000|||18,24|413050100000502|
|C100|0|1|12704|01|00|1|1390||22082011|22082011|505,60|0|||505,60|2|||||||||8,35|38,42|||
|C170|1|.COMPRAS||33,00000|PC|138,60|0,00|1|190|1101|111FAF|0,00|0,00|0,00|0,00|0,00|0,00|0|00||0,00|0,00|0,00|06|138,60|0,0000|||2,29|06|138,60|0,0000|||10,53|413050100000503|
|C170|2|.COMPRAS.LOTE||48,00000|PC|192,00|0,00|1|190|1101|111FAF|0,00|0,00|0,00|0,00|0,00|0,00|0|00||0,00|0,00|0,00|06|192,00|0,0000|||3,17|06|192,00|0,0000|||14,59|413050100000503|
|C170|3|.COMPRASREFERENC||35,00000|PC|175,00|0,00|1|190|1101|111FAF|0,00|0,00|0,00|0,00|0,00|0,00|0|00||0,00|0,00|0,00|06|175,00|0,0000|||2,89|06|175,00|0,0000|||13,30|413050100000503|
|C100|0|1|12704|01|00|1|1391||22082011|22082011|335,28|2|||310,00|2||||505,60|85,95|||25,28|5,12|23,56|||
|C170|1|.COMPRAS.LOTE||48,00000|PC|0,00|0,00|1|100|1101|111FAR|192,00|17,00|32,64|0,00|0,00|0,00|0|49||192,00|5,00|9,60|99||0,0000|||0,00|99||0,0000|||0,00|211050400000601|
|C170|2|.COMPRAS||33,00000|PC|0,00|0,00|1|100|1101|111FAR|138,60|17,00|23,56|0,00|0,00|0,00|0|49||138,60|5,00|6,93|99||0,0000|||0,00|99||0,0000|||0,00|211050400000601|
|C170|3|.COMPRASREFERENC||35,00000|PC|0,00|0,00|1|100|1101|111FAR|175,00|17,00|29,75|0,00|0,00|0,00|0|49||175,00|5,00|8,75|99||0,0000|||0,00|99||0,0000|||0,00|211050400000601|
|C170|4|.COMPRAS||15,00000|PC|60,00|0,00|1|190|1101|111FAF|0,00|0,00|0,00|0,00|0,00|0,00|0|00||0,00|0,00|0,00|06|60,00|0,0000|||0,99|06|60,00|0,0000|||4,56|413050100000503|
|C170|5|.COMPRAS||20,00000|PC|100,00|0,00|1|190|1101|111FAF|0,00|0,00|0,00|0,00|0,00|0,00|0|00||0,00|0,00|0,00|06|100,00|0,0000|||1,65|06|100,00|0,0000|||7,60|413050100000503|
|C170|6|.COMPRAS||25,00000|PC|150,00|0,00|1|190|1101|111FAF|0,00|0,00|0,00|0,00|0,00|0,00|0|00||0,00|0,00|0,00|06|150,00|0,0000|||2,48|06|150,00|0,0000|||11,40|413050100000503|
|C100|0|1|12704|01|00|1|1392||23082011|23082011|15,50|2||||2||||310,00|52,70|||15,50|||||
|C170|1|.COMPRAS||15,00000|PC|0,00|0,00|1|100|1101|111FAR|60,00|17,00|10,20|0,00|0,00|0,00|0|49||60,00|5,00|3,00|99||0,0000|||0,00|99||0,0000|||0,00|211050400000601|
|C170|2|.COMPRAS||20,00000|PC|0,00|0,00|1|100|1101|111FAR|100,00|17,00|17,00|0,00|0,00|0,00|0|49||100,00|5,00|5,00|99||0,0000|||0,00|99||0,0000|||0,00|211050400000601|
|C170|3|.COMPRAS||25,00000|PC|0,00|0,00|1|100|1101|111FAR|150,00|17,00|25,50|0,00|0,00|0,00|0|49||150,00|5,00|7,50|99||0,0000|||0,00|99||0,0000|||0,00|211050400000601|
|C100|0|1|12704|01|00|1|1394||23082011|23082011|202,00|0|||202,00|2|||||||||3,33|15,35|||
|C170|1|.COMPRAS||16,00000|PC|80,00|0,00|1|190|1101|111FAF|0,00|0,00|0,00|0,00|0,00|0,00|0|00||0,00|0,00|0,00|06|80,00|0,0000|||1,32|06|80,00|0,0000|||6,08|413050100000503|
|C170|2|.COMPRAS||17,00000|PC|68,00|0,00|1|190|1101|111FAF|0,00|0,00|0,00|0,00|0,00|0,00|0|00||0,00|0,00|0,00|06|68,00|0,0000|||1,12|06|68,00|0,0000|||5,17|413050100000503|
|C170|3|.COMPRAS||18,00000|PC|54,00|0,00|1|190|1101|111FAF|0,00|0,00|0,00|0,00|0,00|0,00|0|00||0,00|0,00|0,00|06|54,00|0,0000|||0,89|06|54,00|0,0000|||4,10|413050100000503|
|C100|0|1|12704|01|00|1|1396||23082011|23082011|200,00|0|||200,00|2|||||||||3,30|15,20|||
|C170|1|.COMPRAS||20,00000|PC|100,00|0,00|1|190|1101|111FAF|0,00|0,00|0,00|0,00|0,00|0,00|0|00||0,00|0,00|0,00|06|100,00|0,0000|||1,65|06|100,00|0,0000|||7,60|413050100000503|
|C170|2|.COMPRAS||20,00000|PC|100,00|0,00|1|190|1101|111FAF|0,00|0,00|0,00|0,00|0,00|0,00|0|00||0,00|0,00|0,00|06|100,00|0,0000|||1,65|06|100,00|0,0000|||7,60|413050100000503|
|C100|0|1|12704|01|00|1|1397||23082011|23082011|10,00|2||||2||||200,00|34,00|||10,00|||||
|C170|1|.COMPRAS||20,00000|PC|0,00|0,00|1|100|1101|111FAR|100,00|17,00|17,00|0,00|0,00|0,00|0|49||100,00|5,00|5,00|99||0,0000|||0,00|99||0,0000|||0,00|211050400000601|
|C170|2|.COMPRAS||20,00000|PC|0,00|0,00|1|100|1101|111FAR|100,00|17,00|17,00|0,00|0,00|0,00|0|49||100,00|5,00|5,00|99||0,0000|||0,00|99||0,0000|||0,00|211050400000601|
|C100|0|1|12704|01|00|1|1399||23082011|23082011|140,00|0|||140,00|2|||||||||2,32|10,64|||
|C170|1|.COMPRAS||10,00000|PC|50,00|0,00|1|190|1101|111FAF|0,00|0,00|0,00|0,00|0,00|0,00|0|00||0,00|0,00|0,00|06|50,00|0,0000|||0,83|06|50,00|0,0000|||3,80|413050100000503|
|C170|2|.COMPRAS||15,00000|PC|90,00|0,00|1|190|1101|111FAF|0,00|0,00|0,00|0,00|0,00|0,00|0|00||0,00|0,00|0,00|06|90,00|0,0000|||1,49|06|90,00|0,0000|||6,84|413050100000503|
|C100|0|1|12704|01|00|1|1400||23082011|23082011|7,00|2||||2||||140,00|23,80|||7,00|||||
|C170|1|.COMPRAS||10,00000|PC|0,00|0,00|1|100|1101|111FAR|50,00|17,00|8,50|0,00|0,00|0,00|0|49||50,00|5,00|2,50|99||0,0000|||0,00|99||0,0000|||0,00|211050400000601|
|C170|2|.COMPRAS||15,00000|PC|0,00|0,00|1|100|1101|111FAR|90,00|17,00|15,30|0,00|0,00|0,00|0|49||90,00|5,00|4,50|99||0,0000|||0,00|99||0,0000|||0,00|211050400000601|
|C100|0|1|12704|01|00|1|1401||24082011|24082011|310,00|0|||310,00|2|||||||||5,12|23,56|||
|C170|1|.COMPRAS||15,00000|PC|60,00|0,00|1|190|1101|111FAF|0,00|0,00|0,00|0,00|0,00|0,00|0|00||0,00|0,00|0,00|06|60,00|0,0000|||0,99|06|60,00|0,0000|||4,56|413050100000503|
|C170|2|.COMPRAS||20,00000|PC|100,00|0,00|1|190|1101|111FAF|0,00|0,00|0,00|0,00|0,00|0,00|0|00||0,00|0,00|0,00|06|100,00|0,0000|||1,65|06|100,00|0,0000|||7,60|413050100000503|
|C170|3|.COMPRAS||25,00000|PC|150,00|0,00|1|190|1101|111FAF|0,00|0,00|0,00|0,00|0,00|0,00|0|00||0,00|0,00|0,00|06|150,00|0,0000|||2,48|06|150,00|0,0000|||11,40|413050100000503|
|C100|0|1|12704|01|00|1|1402||24082011|24082011|15,50|2||||2||||310,00|52,70|||15,50|||||
|C170|1|.COMPRAS||15,00000|PC|0,00|0,00|1|100|1101|111FAR|60,00|17,00|10,20|0,00|0,00|0,00|0|49||60,00|5,00|3,00|99||0,0000|||0,00|99||0,0000|||0,00|211050400000601|
|C170|2|.COMPRAS||20,00000|PC|0,00|0,00|1|100|1101|111FAR|100,00|17,00|17,00|0,00|0,00|0,00|0|49||100,00|5,00|5,00|99||0,0000|||0,00|99||0,0000|||0,00|211050400000601|
|C170|3|.COMPRAS||25,00000|PC|0,00|0,00|1|100|1101|111FAR|150,00|17,00|25,50|0,00|0,00|0,00|0|49||150,00|5,00|7,50|99||0,0000|||0,00|99||0,0000|||0,00|211050400000601|
|C100|0|1|12704|01|00|1|1403||24082011|24082011|300,00|0|||300,00|2|||||||||4,95|22,80|||
|C170|1|.COMPRAS||50,00000|PC|300,00|0,00|1|190|1101|111FAF|0,00|0,00|0,00|0,00|0,00|0,00|0|00||0,00|0,00|0,00|06|300,00|0,0000|||4,95|06|300,00|0,0000|||22,80|413050100000503|
|C100|0|1|12704|01|00|1|1405||24082011|24082011|240,00|0|||240,00|2|||||||||3,96|18,24|||
|C170|1|.COMPRAS||40,00000|PC|240,00|0,00|0|190|1101|111EFF|0,00|0,00|0,00|0,00|0,00|0,00|0|00||0,00|0,00|0,00|06|240,00|0,0000|||3,96|06|240,00|0,0000|||18,24|413050100000502|
|C100|0|1|12704|01|00|1|1412||25082011|25082011|1050,00|0|||1000,00|2||||1000,00|170,00|||50,00|16,50|76,00|||
|C170|1|.COMPRAS||100,00000|PC|1000,00|0,00|0|100|1101|11111|1000,00|17,00|170,00|0,00|0,00|0,00|0|00||1000,00|5,00|50,00|06|1000,00|0,0000|||16,50|06|1000,00|0,0000|||76,00|211050400000601|
|C100|0|1|12704|01|00|1|1413||25082011|25082011|1000,00|0|||1000,00|2|||||||||16,50|76,00|||
|C170|1|.COMPRAS||100,00000|PC|1000,00|0,00|1|190|1101|111FAF|0,00|0,00|0,00|0,00|0,00|0,00|0|00||0,00|0,00|0,00|06|1000,00|0,0000|||16,50|06|1000,00|0,0000|||76,00|413050100000503|
|C100|0|1|12704|01|00|1|1414||25082011|25082011|10,00|2||||2||||200,00|34,00|||10,00|3,20|15,30|||
|C170|1|.COMPRAS||20,00000|PC|0,00|0,00|0|100|1101|111FAR|200,00|17,00|34,00|0,00|0,00|0,00|0|00||200,00|5,00|10,00|06|200,00|0,0000|||3,20|06|200,00|0,0000|||15,30|211050400000601|
|C100|0|1|12704|01|00|1|1415||25082011|25082011|100,00|0|||100,00|2|||||||||1,65|7,60|||
|C170|1|.COMPRAS||10,00000|PC|100,00|0,00|1|190|1101|111FAF|0,00|0,00|0,00|0,00|0,00|0,00|0|00||0,00|0,00|0,00|06|100,00|0,0000|||1,65|06|100,00|0,0000|||7,60|413050100000503|
|C100|0|1|12704|01|00|1|1417||26082011|26082011|80,00|0|||80,00|2|||||||||1,32|6,08|||
|C170|1|.COMPRAS||8,00000|PC|80,00|0,00|1|190|1101|111FAF|0,00|0,00|0,00|0,00|0,00|0,00|0|00||0,00|0,00|0,00|06|80,00|0,0000|||1,32|06|80,00|0,0000|||6,08|413050100000503|
|C100|0|1|12704|01|00|1|1418||26082011|26082011|1000,00|0|||1000,00|2|||||||||16,50|76,00|||
|C170|1|.COMPRAS||100,00000|PC|1000,00|0,00|1|190|1101|111FAF|0,00|0,00|0,00|0,00|0,00|0,00|0|00||0,00|0,00|0,00|06|1000,00|0,0000|||16,50|06|1000,00|0,0000|||76,00|413050100000503|
|C100|0|1|12704|01|00|1|1419||26082011|26082011|50,00|2||||2||||1000,00|170,00|||50,00|||||
|C170|1|.COMPRAS||100,00000|PC|0,00|0,00|1|100|1101|111FAR|1000,00|17,00|170,00|0,00|0,00|0,00|0|49||1000,00|5,00|50,00|99||0,0000|||0,00|99||0,0000|||0,00|211050400000601|
|C100|0|1|12704|01|00|1|1420||26082011|26082011|1000,00|0|||1000,00|2|||||||||16,50|76,00|||
|C170|1|.COMPRAS||100,00000|PC|1000,00|0,00|0|190|1101|111EFF|0,00|0,00|0,00|0,00|0,00|0,00|0|00||0,00|0,00|0,00|06|1000,00|0,0000|||16,50|06|1000,00|0,0000|||76,00|413050100000502|
|C100|0|1|12704|01|00|1|1432||26082011|26082011|1166,55|0|||1111,00|2||||1111,00|188,87|||55,55|18,33|84,44|||
|C170|1|.COMPRASDD||1,00000|PC|1111,00|0,00|0|100|1101|11111|1111,00|17,00|188,87|0,00|0,00|0,00|0|00||1111,00|5,00|55,55|06|1111,00|0,0000|||18,33|06|1111,00|0,0000|||84,44|311311311315113|
|C100|0|1|12704|01|00|1|1444||31082011|31082011|1000,00|0|||1000,00|2|||||||||16,50|76,00|||
|C170|1|.COMPRAS||100,00000|PC|1000,00|0,00|1|190|1101|111FAF|0,00|0,00|0,00|0,00|0,00|0,00|0|00||0,00|0,00|0,00|06|1000,00|0,0000|||16,50|06|1000,00|0,0000|||76,00|413050100000503|
|C100|0|1|12704|01|00|1|1445||31082011|31082011|10,00|2||||2||||200,00|34,00|||10,00|||||
|C170|1|.COMPRAS||20,00000|PC|0,00|0,00|1|100|1101|111FAR|200,00|17,00|34,00|0,00|0,00|0,00|0|49||200,00|5,00|10,00|99||0,0000|||0,00|99||0,0000|||0,00|211050400000601|
|C100|0|1|12704|01|00|1|1446||31082011|31082011|1000,00|0|||1000,00|2|||||||||16,50|76,00|||
|C170|1|.COMPRAS||100,00000|PC|1000,00|0,00|1|190|1101|111FAF|0,00|0,00|0,00|0,00|0,00|0,00|0|00||0,00|0,00|0,00|06|1000,00|0,0000|||16,50|06|1000,00|0,0000|||76,00|413050100000503|
|C100|0|1|12704|01|00|1|1447||31082011|31082011|50,00|2||||2||||1000,00|170,00|||50,00|||||
|C170|1|.COMPRAS||20,00000|PC|0,00|0,00|1|100|1101|111FAR|1000,00|17,00|170,00|0,00|0,00|0,00|0|49||1000,00|5,00|50,00|99||0,0000|||0,00|99||0,0000|||0,00|211050400000601|
|C100|0|1|12704|01|00|1|1448||31082011|31082011|140,00|0|||140,00|2|||||||||2,32|10,64|||
|C170|1|.COMPRAS||10,00000|PC|50,00|0,00|1|190|1101|111FAF|0,00|0,00|0,00|0,00|0,00|0,00|0|00||0,00|0,00|0,00|06|50,00|0,0000|||0,83|06|50,00|0,0000|||3,80|413050100000503|
|C170|2|.COMPRAS||15,00000|PC|90,00|0,00|1|190|1101|111FAF|0,00|0,00|0,00|0,00|0,00|0,00|0|00||0,00|0,00|0,00|06|90,00|0,0000|||1,49|06|90,00|0,0000|||6,84|413050100000503|
|C100|0|1|12704|01|00|1|1449||31082011|31082011|7,00|2||||2||||140,00|23,80|||7,00|||||
|C170|1|.COMPRAS||10,00000|PC|0,00|0,00|1|100|1101|111FAR|50,00|17,00|8,50|0,00|0,00|0,00|0|49||50,00|5,00|2,50|99||0,0000|||0,00|99||0,0000|||0,00|211050400000601|
|C170|2|.COMPRAS||15,00000|PC|0,00|0,00|1|100|1101|111FAR|90,00|17,00|15,30|0,00|0,00|0,00|0|49||90,00|5,00|4,50|99||0,0000|||0,00|99||0,0000|||0,00|211050400000601|
|C100|0|1|12704|01|00|1|1500||03082011|03082011|400,00|0|||400,00|2|||||||||6,60|30,40|||
|C170|1|.COMPRAS||20,00000|PC|400,00|0,00|1|190|1101|111FAF|0,00|0,00|0,00|0,00|0,00|0,00|0|00||0,00|0,00|0,00|06|400,00|0,0000|||6,60|06|400,00|0,0000|||30,40|413050100000502|
|C100|0|1|12704|01|00|1|1600||29082011|29082011|140,00|0|||140,00|2|||||||||2,32|10,64|||
|C170|1|.COMPRAS||15,00000|PC|90,00|0,00|1|190|1101|111FAF|0,00|0,00|0,00|0,00|0,00|0,00|0|00||0,00|0,00|0,00|06|90,00|0,0000|||1,49|06|90,00|0,0000|||6,84|413050100000503|
|C170|2|.COMPRAS||10,00000|PC|50,00|0,00|1|190|1101|111FAF|0,00|0,00|0,00|0,00|0,00|0,00|0|00||0,00|0,00|0,00|06|50,00|0,0000|||0,83|06|50,00|0,0000|||3,80|413050100000503|
|C100|0|1|12704|01|00|1|1601||29082011|29082011|7,00|2||||2||||140,00|23,80|||7,00|||||
|C170|1|.COMPRAS||15,00000|PC|0,00|0,00|1|100|1101|111FAR|90,00|17,00|15,30|0,00|0,00|0,00|0|49||90,00|5,00|4,50|99||0,0000|||0,00|99||0,0000|||0,00|211050400000601|
|C170|2|.COMPRAS||10,00000|PC|0,00|0,00|1|100|1101|111FAR|50,00|17,00|8,50|0,00|0,00|0,00|0|49||50,00|5,00|2,50|99||0,0000|||0,00|99||0,0000|||0,00|211050400000601|
|C100|0|1|12704|01|00|1|1603||30082011|30082011|388,50|0|||370,00|2||||370,00|62,90|||18,50|6,11|28,12|||
|C170|1|AC-007||15,00000|PC|150,00|0,00|0|100|1101|11111|150,00|17,00|25,50|0,00|0,00|0,00|0|00||150,00|5,00|7,50|06|150,00|0,0000|||2,48|06|150,00|0,0000|||11,40|112500100000001|
|C170|2|AAA||12,00000|PC|120,00|0,00|0|100|1101|11111|120,00|17,00|20,40|0,00|0,00|0,00|0|00||120,00|5,00|6,00|06|120,00|0,0000|||1,98|06|120,00|0,0000|||9,12|112110700000107|
|C170|3|AC-007||10,00000|PC|100,00|0,00|0|100|1101|11111|100,00|17,00|17,00|0,00|0,00|0,00|0|00||100,00|5,00|5,00|06|100,00|0,0000|||1,65|06|100,00|0,0000|||7,60|112500100000001|
|C100|0|1|1|01|00|1|4590||12082011|12082011|1100,01|0|||795,00|2||||795,00|55,65||||13,12|60,42|||
|C170|1|40F||15,00000|KG|615,00|0,00|0|000|2101|211STO|615,00|7,00|43,05|0,00|0,00|0,00|0|01||615,00|0,00|0,00|01|615,00|1,6500|||10,15|01|615,00|7,6000|||46,74|112510100000101|
|C170|2|40T||9,00000|KG|180,00|0,00|0|100|2101|211STO|180,00|7,00|12,60|0,00|0,00|0,00|0|01||180,00|0,00|0,00|01|180,00|1,6500|||2,97|01|180,00|7,6000|||13,68|112510100000101|
|C100|0|1|12704|01|00|1|11082||11082011|11082011|100,00|0|||100,00|2|||||||||1,65|7,60|||
|C170|1|.COMPRAS.LOTE||100,00000|PC|100,00|0,00|1|190|1101|111FAF|0,00|0,00|0,00|0,00|0,00|0,00|0|00||0,00|0,00|0,00|06|100,00|0,0000|||1,65|06|100,00|0,0000|||7,60|413050100000503|
|C100|0|1|12704|01|00|1|160801||16082011|16082011|1000,00|0|||1000,00|2|||||||||16,50|76,00|||
|C170|1|.COMPRAS||100,00000|PC|1000,00|0,00|1|190|1101|111FAF|0,00|0,00|0,00|0,00|0,00|0,00|0|00||0,00|0,00|0,00|06|1000,00|0,0000|||16,50|06|1000,00|0,0000|||76,00|413050100000503|
|C100|0|1|1|01|00|1|201701||23082011|23082011|945,00|0|||756,00|2|||||||||12,47|57,46|||
|C170|1|40F||2,00000|KG|600,00|0,00|0|090|2101|2STAOU|0,00|0,00|0,00|0,00|0,00|0,00|0|01||600,00|0,00|0,00|01|600,00|1,6500|||9,90|01|600,00|7,6000|||45,60|112510100000101|
|C170|2|13F||2,00000|KG|156,00|0,00|0|190|2101|2STAOU|0,00|0,00|0,00|0,00|0,00|0,00|0|01||156,00|0,00|0,00|01|156,00|1,6500|||2,57|01|156,00|7,6000|||11,86|112510100000101|
|C100|0|1|12704|01|00|1|1234567||11082011|11082011|100000,00|0|||100000,00|2|||||||||1650,00|7600,00|||
|C170|1|.COMPRAS||100000,00000|PC|100000,00|0,00|0|190|1101|111EFF|0,00|0,00|0,00|0,00|0,00|0,00|0|00||0,00|0,00|0,00|06|100000,00|0,0000|||1650,00|06|100000,00|0,0000|||7600,00|413050100000502|
|C100|0|1|12704|01|00|1|1708100||17082011|17082011|1000,00|0|||1000,00|2|||||||||16,50|76,00|||
|C170|1|.COMPRAS||10,00000|PC|1000,00|0,00|1|190|1101|111FAF|0,00|0,00|0,00|0,00|0,00|0,00|0|00||0,00|0,00|0,00|06|1000,00|0,0000|||16,50|06|1000,00|0,0000|||76,00|413050100000503|
|C100|0|1|12704|01|00|1|1708101||17082011|17082011|50,00|2||||2||||1000,00|170,00|||50,00|||||
|C170|1|.COMPRAS||10,00000|PC|0,00|0,00|1|100|1101|111FAR|1000,00|17,00|170,00|0,00|0,00|0,00|0|49||1000,00|5,00|50,00|99||0,0000|||0,00|99||0,0000|||0,00|211050400000601|
|C100|0|1|12704|01|00|1|2202100||22082011|22082011|1000,00|0|||1000,00|2|||||||||16,50|76,00|||
|C170|1|.COMPRAS||100,00000|PC|1000,00|0,00|1|190|1101|111FAF|0,00|0,00|0,00|0,00|0,00|0,00|0|00||0,00|0,00|0,00|06|1000,00|0,0000|||16,50|06|1000,00|0,0000|||76,00|413050100000503|
|C100|0|1|12704|01|00|1|2208200||22082011|22082011|50,00|2||||2||||1000,00|170,00|||50,00|||||
|C170|1|.COMPRAS||100,00000|PC|0,00|0,00|1|100|1101|111FAR|1000,00|17,00|170,00|0,00|0,00|0,00|0|49||1000,00|5,00|50,00|99||0,0000|||0,00|99||0,0000|||0,00|211050400000601|
|C100|1|0|70|55|00|11|290836|42110853113791000637550110002908361733208449|02082011||110,00|0|||100,00|0||||100,00|25,00|||10,00|1,65|7,60|||
|C110|7|*IPI ALIQUOTA ZERO CLASS FISCAL A-7308.30.00 E C-7610.10.00  IPI ALIQUOTA 5% CLASS FISCAL B-7308.90.90  CONF.DECRETO 6006 DE 28/12/2006 *IPI ALIQUOTA ZERO CLASS FISCAL D-7610.90.00 CONF DECRETO 6455 DE 12/05/2008 * TRANSPORTE DE CARGA PROPRIA|
|C170|1|.DANFE-TRIBUTADO||100,00000|UN|100,00|0,00|1|000|6101|611TB|100,00|25,00|25,00|0,00|0,00|0,00|0|50||100,00|10,00|10,00|01|100,00|0,0000|||1,65|01|100,00|0,0000|||7,60|112110500000105|
|C100|1|0|70|55|00|11|290837|42110853113791000637550110002908371139131142|02082011||132,00|0|||120,00|0||||120,00|30,00|||12,00|1,98|9,12|||
|C110|7|*IPI ALIQUOTA ZERO CLASS FISCAL A-7308.30.00 E C-7610.10.00  IPI ALIQUOTA 5% CLASS FISCAL B-7308.90.90  CONF.DECRETO 6006 DE 28/12/2006 *IPI ALIQUOTA ZERO CLASS FISCAL D-7610.90.00 CONF DECRETO 6455 DE 12/05/2008 * TRANSPORTE DE CARGA PROPRIA|
|C170|1|.DANFE-TRIBUTADO||120,00000|UN|120,00|0,00|1|000|6101|611TB|120,00|25,00|30,00|0,00|0,00|0,00|0|50||120,00|10,00|12,00|01|120,00|0,0000|||1,98|01|120,00|0,0000|||9,12|112110500000105|
|C100|1|0|70|55|00|11|290838|42110853113791000637550110002908381733208443|02082011||210,00|0|||210,00|0||||210,00|52,50||||3,47|15,96|||
|C170|1|13T||2,00000|KG|210,00|0,00|0|100|6102|6123|210,00|25,00|52,50|0,00|0,00|0,00|0|51||0,00|0,00|0,00|01|210,00|0,0000|||3,47|01|210,00|0,0000|||15,96|112110500000105|
|C100|1|0||55|05|11|290842||||||||||||||||||||||
|C100|1|0|70|55|00|11|290843|42110853113791000637550110002908431733208443|04082011||208,00|0|||208,00|0||||208,00|52,00||||3,43|15,81|||
|C170|1|13F|ITEM CONTROLE TOTAL|2,00000|KG|208,00|0,00|0|100|6102|6123|208,00|25,00|52,00|0,00|0,00|0,00|0|51||0,00|0,00|0,00|01|208,00|1,6500|||3,43|01|208,00|7,6000|||15,81||
|C100|1|0|81|55|00|11|290844|42110853113791000637550110002908441139131147|04082011||210,00|0|||210,00|2||||210,00|52,50||||3,47|15,96|||
|C170|1|13T|ITEM CONTROLE TOTAL|2,00000|KG|210,00|0,00|0|100|6102|6123|210,00|25,00|52,50|0,00|0,00|0,00|0|51||0,00|0,00|0,00|01|210,00|1,6500|||3,47|01|210,00|7,6000|||15,96||
|C100|1|0|70|55|00|11|290845|42110853113791001790550110002908451733208448|05082011||210,00|0|||210,00|0||||210,00|52,50||||3,47|15,96|||
|C170|1|13T|ITEM CONTROLE TOTAL|2,00000|KG|210,00|0,00|0|100|6102|6123|210,00|25,00|52,50|0,00|0,00|0,00|0|51||0,00|0,00|0,00|01|210,00|1,6500|||3,47|01|210,00|7,6000|||15,96||
|C100|1|0|70|55|00|11|290846|42110853113791001790550110002908461733208445|09082011||1100,00|0|||1000,00|0||||1000,00|250,00|||100,00|16,50|76,00|||
|C110|7|*IPI ALIQUOTA ZERO CLASS FISCAL A-7308.30.00 E C-7610.10.00  IPI ALIQUOTA 5% CLASS FISCAL B-7308.90.90  CONF.DECRETO 6006 DE 28/12/2006 *IPI ALIQUOTA ZERO CLASS FISCAL D-7610.90.00 CONF DECRETO 6455 DE 12/05/2008 * TRANSPORTE DE CARGA PROPRIA|
|C170|1|.DANFE-TRIBUTADO|.DANFE-TRIBUTADO.DANFE-TRIBUTADO.DANFE-TRIBUTADO.DANFE-TRIB ITEM TRIBUTADO - TESTES ALFA 11.5.0 - IMPRESSÃO DE LINHA TRACEJADA ENTRE OS PRODUTOS DA NF-E, QUANDO ALGUM DOS ITENS FOR IMPRESSOR EM MAIS DE UMA LINHA. QUEBRA DE LINHA NA PRÓPRIA COLUNA DE TODO|1000,00000|UN|1000,00|0,00|1|000|6101|611TB|1000,00|25,00|250,00|0,00|0,00|0,00|0|50||1000,00|10,00|100,00|01|1000,00|1,6500|||16,50|01|1000,00|7,6000|||76,00||
|C100|1|0|4|01|00|11|290847||09082011||5900,00|1|||1200,00|0|1700,00||3000,00|5900,00|413,00||||97,36|448,40|||
|C110|6|*IPI ALIQUOTA ZERO CLASS FISCAL A-7308.30.00 E C-7610.10.00  IPI ALIQUOTA 5% CLASS FISCAL B-7308.90.90  CONF.DECRETO 6006 DE 28/12/2006 *IPI ALIQUOTA ZERO CLASS FISCAL D-7610.90.00 CONF DECRETO 6455 DE 12/05/2008 * TRANSPORTE DE CARGA PROPRIA|
|C170|1|.COMPRAS|.COMPRAS - PROJETO 87|2,00000|PC|600,00|0,00|0|100|6403|611STA|2950,00|7,00|206,50|0,00|0,00|0,00|0|52||0,00|0,00|0,00|01|2950,00|1,6500|||48,68|01|2950,00|7,6000|||224,20||
|C170|2|40F|ITEM CONTROLE F?SICO|3,00000|KG|600,00|0,00|0|000|6403|611STA|2950,00|7,00|206,50|0,00|0,00|0,00|0|52||0,00|0,00|0,00|01|2950,00|1,6500|||48,68|01|2950,00|7,6000|||224,20||
|C100|1|0|1|01|00|11|290848||09082011||1298,16|0|93,30||1026,70|2|||100,00|1126,70|78,86|1390,66|171,46||18,59|85,62|||
|C110|6|*IPI ALIQUOTA ZERO CLASS FISCAL A-7308.30.00 E C-7610.10.00  IPI ALIQUOTA 5% CLASS FISCAL B-7308.90.90  CONF.DECRETO 6006 DE 28/12/2006 *IPI ALIQUOTA ZERO CLASS FISCAL D-7610.90.00 CONF DECRETO 6455 DE 12/05/2008 * TRANSPORTE DE CARGA PROPRIA|
|C170|1|DD|MATERIAL D.DIRETO - TRIBUTADO|1,00000|PC|916,70|83,30|1|010|6401|611SUB|1005,98|7,00|70,41|1241,65|18,00|153,09|0|52||0,00|0,00|0,00|01|1005,98|1,6500|||16,60|01|1005,98|7,6000|||76,45||
|C170|2|13D|NARRATIVA INFORMADA \O/ \O/ \O/ \O/ EEEEEEEEEEE|2,00000|PC|110,00|10,00|1|110|6401|611SUB|120,72|7,00|8,45|149,01|18,00|18,37|0|52||0,00|0,00|0,00|02|120,72|1,6500|||1,99|02|120,72|7,6000|||9,17||
|C100|1|0|13|01|00|11|290849||09082011||140,00|2|||140,00|0|||||||||0,83|3,80|||
|C110|13|LOCAL COLETA ENTREGA RELACIONADO|
|C170|1|40F|ITEM CONTROLE F?SICO|3,00000|KG|90,00|0,00|0|040|6201|69DEVL|0,00|0,00|0,00|0,00|0,00|0,00|0|51||0,00|0,00|0,00|07|0,00|0,0000|||0,00|07|0,00|0,0000|||0,00||
|C170|2|13D||2,00000|PC|50,00|0,00|0|140|6201|69DEVL|0,00|0,00|0,00|0,00|0,00|0,00|0|51||0,00|0,00|0,00|02|50,00|1,6500|||0,83|02|50,00|7,6000|||3,80||
|C100|1|0|13|01|00|11|290850||09082011||7218,09|1|||3360,00|0|1700,00||950,00|4221,28|295,48|5656,51|1118,65|89,44|99,16|456,76|||
|C110|14|*IPI ALIQUOTA ZERO CLASS FISCAL A-7308.30.00 E C-7610.10.00  IPI ALIQUOTA 5% CLASS FISCAL B-7308.90.90  CONF.DECRETO 6006 DE 28/12/2006 *IPI ALIQUOTA ZERO CLASS FISCAL D-7610.90.00 CONF DECRETO 6455 DE 12/05/2008 * TRANSPORTE DE CARGA PROPRIA   ICMS RETI|
|C170|1|.COMPRAS|.COMPRAS - PROJETO 87|100,00000|PC|1000,00|0,00|0|140|6101|6111|0,00|0,00|0,00|0,00|0,00|0,00|0|50||1788,72|5,00|89,44|01|1788,72|1,6500|||29,51|01|1788,72|7,6000|||135,94||
|C170|2|40T|ITEM CONTROLE TOTAL|20,00000|KG|2060,00|0,00|0|110|6403|611ST|3684,69|7,00|257,92|4937,48|25,00|976,45|0|52||0,00|0,00|0,00|01|3684,69|1,6500|||60,80|01|3684,69|7,6000|||280,04||
|C170|3|13D|NARRATIVA INFORMADA \O/ \O/ \O/ \O/ EEEEEEEEEEE|5,00000|PC|300,00|0,00|0|110|6403|611ST|536,59|7,00|37,56|719,03|25,00|142,20|0|52||0,00|0,00|0,00|02|536,59|1,6500|||8,85|02|536,59|7,6000|||40,78||
|C100|1|0|70|01|00|11|290851||09082011||2882,02|0|||970,00|0|1000,00||800,00|2770,00|193,88|566,38|112,02||45,70|210,52|||
|C110|15|ICMS RETIDO NA FONTE POR SUBST. TRIBUTARIA COM BASE: 566,38 E VALOR: 112,02|
|C170|1|.COMPRAS|.COMPRAS - PROJETO 87|2,00000|PC|148,00|0,00|0|110|6403|611ST|422,67|7,00|29,58|566,38|25,00|112,02|0|52||0,00|0,00|0,00|01|422,67|1,6500|||6,97|01|422,67|7,6000|||32,12||
|C170|2|40F|ITEM CONTROLE F?SICO|2,00000|KG|600,00|0,00|0|000|6102|6123|1713,39|7,00|119,93|0,00|0,00|0,00|0|51||0,00|0,00|0,00|01|1713,39|1,6500|||28,27|01|1713,39|7,6000|||130,22||
|C170|3|13F|ITEM CONTROLE TOTAL|3,00000|KG|222,00|0,00|0|100|6102|6123|633,94|7,00|44,37|0,00|0,00|0,00|0|51||0,00|0,00|0,00|01|633,94|1,6500|||10,46|01|633,94|7,6000|||48,18||
|C100|1|0|1|01|00|11|290853||15082011||242,92|2|22,08||242,92|2|||||||||4,01|18,46|||
|C110|6|*IPI ALIQUOTA ZERO CLASS FISCAL A-7308.30.00 E C-7610.10.00  IPI ALIQUOTA 5% CLASS FISCAL B-7308.90.90  CONF.DECRETO 6006 DE 28/12/2006 *IPI ALIQUOTA ZERO CLASS FISCAL D-7610.90.00 CONF DECRETO 6455 DE 12/05/2008 * TRANSPORTE DE CARGA PROPRIA|
|C170|1|40F|ITEM CONTROLE F?SICO|5,00000|KG|187,92|17,08|0|090|6403|699STA|0,00|0,00|0,00|0,00|0,00|0,00|0|51||0,00|0,00|0,00|01|187,92|1,6500|||3,10|01|187,92|7,6000|||14,28||
|C170|2|40T|ITEM CONTROLE TOTAL|3,00000|KG|55,00|5,00|0|190|6403|699STA|0,00|0,00|0,00|0,00|0,00|0,00|0|51||0,00|0,00|0,00|01|55,00|1,6500|||0,91|01|55,00|7,6000|||4,18||
|C100|1|0|1|01|00|11|290854||15082011||308,32|2|20,32||223,68|2||||||244,00|84,64||3,69|17,00|||
|C110|6|*IPI ALIQUOTA ZERO CLASS FISCAL A-7308.30.00 E C-7610.10.00  IPI ALIQUOTA 5% CLASS FISCAL B-7308.90.90  CONF.DECRETO 6006 DE 28/12/2006 *IPI ALIQUOTA ZERO CLASS FISCAL D-7610.90.00 CONF DECRETO 6455 DE 12/05/2008 * TRANSPORTE DE CARGA PROPRIA|
|C170|1|40F|ITEM CONTROLE F?SICO|4,00000|KG|150,34|13,66|0|090|6403|699STA|0,00|0,00|0,00|164,00|0,00|76,39|0|51||0,00|0,00|0,00|01|150,34|1,6500|||2,48|01|150,34|7,6000|||11,43||
|C170|2|40T|ITEM CONTROLE TOTAL|4,00000|KG|73,34|6,66|0|190|6403|699STA|0,00|0,00|0,00|80,00|0,00|8,25|0|51||0,00|0,00|0,00|01|73,34|1,6500|||1,21|01|73,34|7,6000|||5,57||
|C100|1|0|13|01|00|11|290855||09082011||1030,00|1|||600,00|0|250,00||180,00||||||17,00|78,28|||
|C110|12|ICMS ISENTO ANEXO I, ART 5* DO RICMS/00 IPI ISENTO DEC 4544/2002, ART 105 DO RIPI/2002|
|C170|1|.DANFE-TAMANHOCP|.DANFE-OUTROS/.DANFE-OUTROS/.DANFE-OUTROS/.DANFE-OUTROS/.DAN|2,00000|PC|600,00|0,00|1|090|6109|611-IE|0,00|0,00|0,00|0,00|0,00|0,00|0|51||0,00|0,00|0,00|01|1030,00|1,6500|||17,00|01|1030,00|7,6000|||78,28||
|C100|1|0|13|01|00|11|290857||31082011||22724,56|1|||17353,00|0|3690,00||1600,00|20972,81|1468,06|||81,56|373,60|1720,88|||
|C110|12|ICMS ISENTO ANEXO I, ART 5* DO RICMS/00 IPI ISENTO DEC 4544/2002, ART 105 DO RIPI/2002|
|C170|1|.DANFE-TAMANHOCP|.DANFE-OUTROS/.DANFE-OUTROS/.DANFE-OUTROS/.DANFE-OUTROS/.DAN|4,00000|PC|1280,00|0,00|1|090|6109|611-IE|0,00|0,00|0,00|0,00|0,00|0,00|0|51||0,00|0,00|0,00|01|1670,19|1,6500|||27,56|01|1670,19|7,6000|||126,93||
|C170|2|.DANF-E|.DANF-E|41,00000|KG|6027,00|0,00|0|000|6109|611-IE|7864,30|7,00|550,50|0,00|0,00|0,00|0|51||0,00|0,00|0,00|01|7864,30|1,6500|||129,76|01|7864,30|7,6000|||597,69||
|C170|3|.COMPRAS.FISICO|.COMPRAS CONTROLE FISICO - PROJETO 87|1,00000|PC|20,00|0,00|0|100|6109|611-IE|26,23|7,00|1,83|0,00|0,00|0,00|0|50||26,23|5,00|1,31|01|26,23|1,6500|||0,43|01|26,23|7,6000|||1,99||
|C170|4|13D|NARRATIVA INFORMADA \O/ \O/ \O/ \O/ EEEEEEEEEEE|1,00000|PC|200,00|0,00|0|100|6101|6101|260,95|7,00|18,26|0,00|0,00|0,00|0|52||0,00|0,00|0,00|02|260,95|1,6500|||4,31|01|260,95|7,6000|||19,83||
|C170|5|13F|ITEM CONTROLE TOTAL|1,00000|KG|1000,00|0,00|0|100|6109|611-IE|1304,83|7,00|91,33|0,00|0,00|0,00|0|51||0,00|0,00|0,00|01|1304,83|1,6500|||21,53|04|1304,83|7,6000|||99,17||
|C170|6|40F|ITEM CONTROLE F?SICO|15,00000|KG|5400,00|0,00|0|000|6109|611-IE|7046,16|7,00|493,23|0,00|0,00|0,00|0|51||0,00|0,00|0,00|01|7046,16|1,6500|||116,26|01|7046,16|7,6000|||535,51||
|C170|7|.COMPRAS|.COMPRAS - PROJETO 87|3,00000|PC|1230,00|0,00|0|100|6109|611-IE|1604,95|7,00|112,34|0,00|0,00|0,00|0|50||1604,95|5,00|80,25|01|1604,95|1,6500|||26,48|01|1604,95|7,6000|||121,98||
|C170|8|DD|MATERIAL D.DIRETO - TRIBUTADO|3,00000|PC|360,00|0,00|0|000|6109|611-IE|469,73|7,00|32,88|0,00|0,00|0,00|0|51||0,00|0,00|0,00|01|469,73|1,6500|||7,75|01|469,73|7,6000|||35,70||
|C170|9|.DANFE|.DANF-E-.DANF-E-.DANF-E-.DANF-E.DANF-E-.DANF-E-.DANF-E-.DAN. TESTES ALFA 11.5.0 - IMPRESSÃO DE LINHA TRACEJADA ENTRE OS PRODUTOS DA NF-E.|1,00000|KG|630,00|0,00|1|000|6109|611-IE|822,04|7,00|57,54|0,00|0,00|0,00|0|51||0,00|0,00|0,00|01|822,04|1,6500|||13,56|01|822,04|7,6000|||62,48||
|C170|10|40T|ITEM CONTROLE TOTAL|6,00000|KG|1206,00|0,00|0|100|6109|611-IE|1573,62|7,00|110,15|0,00|0,00|0,00|0|51||0,00|0,00|0,00|01|1573,62|1,6500|||25,96|01|1573,62|7,6000|||119,60||
|C100|1|0|70|01|00|12345|4||01082011||548,26|0|||539,13|2||||539,13|134,78|||9,13|8,90|40,98|||
|C170|1|13C||1,00000|KG|101,00|0,00|0|100|6102|6123|101,00|25,00|25,25|0,00|0,00|0,00|0|50||101,00|8,00|8,08|01|101,00|0,0000|||1,67|01|101,00|0,0000|||7,68|112110500000105|
|C170|2|13F||1,00000|KG|104,00|0,00|0|100|6102|6123|104,00|25,00|26,00|0,00|0,00|0,00|0|51||0,00|0,00|0,00|01|104,00|0,0000|||1,72|01|104,00|0,0000|||7,90|112110500000105|
|C170|3|13FF||1,00000|KG|13,13|0,00|0|100|6102|6123|13,13|25,00|3,28|0,00|0,00|0,00|0|50||13,13|8,00|1,05|01|13,13|0,0000|||0,22|01|13,13|0,0000|||1,00|112110500000105|
|C170|4|13T||1,00000|KG|105,00|0,00|0|100|6102|6123|105,00|25,00|26,25|0,00|0,00|0,00|0|51||0,00|0,00|0,00|01|105,00|0,0000|||1,73|01|105,00|0,0000|||7,98|112110500000105|
|C170|5|P2||2,00000|KG|216,00|0,00|1|000|6102|6123|216,00|25,00|54,00|0,00|0,00|0,00|0|51||0,00|0,00|0,00|01|216,00|0,0000|||3,56|01|216,00|0,0000|||16,42|112110500000105|
|C100|1|0|70|01|00|15|1234567894||01082011||558,36|0|||556,26|2||||556,26|139,07|||2,10|9,18|42,28|||
|C170|1|13T||2,00000|KG|210,00|0,00|0|100|6102|6123|210,00|25,00|52,50|0,00|0,00|0,00|0|51||0,00|0,00|0,00|01|210,00|0,0000|||3,47|01|210,00|0,0000|||15,96|112110500000105|
|C170|2|13F||1,00000|KG|104,00|0,00|0|100|6102|6123|104,00|25,00|26,00|0,00|0,00|0,00|0|51||0,00|0,00|0,00|01|104,00|0,0000|||1,72|01|104,00|0,0000|||7,90|112110500000105|
|C170|3|13FF||2,00000|KG|26,26|0,00|0|100|6102|6123|26,26|25,00|6,57|0,00|0,00|0,00|0|50||26,26|8,00|2,10|01|26,26|0,0000|||0,43|01|26,26|0,0000|||2,00|112110500000105|
|C170|4|P2||2,00000|KG|216,00|0,00|1|000|6102|6123|216,00|25,00|54,00|0,00|0,00|0,00|0|51||0,00|0,00|0,00|01|216,00|0,0000|||3,56|01|216,00|0,0000|||16,42|112110500000105|
|C100|1|0|13|55|00|5|71101|35110853113791001790550050000711010000000007|20082011||1100,00|2|||1000,00|2||||1000,00|250,00|||100,00|||||
|C170|1|40T||1,00000|KG|1000,00|0,00|1|100|6101|610110|1000,00|25,00|250,00|0,00|0,00|0,00|0|50||1000,00|10,00|100,00|99||1,6500|||0,00|99||7,6000|||0,00|511110100000101|
|C100|1|0|13|55|00|5|71104|35110853113791001790550050000711040000000001|20082011||3643,20|2|||3290,00|2||||3290,00|394,80|2600,00|138,00|215,20|||||
|C170|1|13T||2,00000|KG|2000,00|0,00|1|110|6401|611SC|2000,00|12,00|240,00|2000,00|0,00|108,00|0|50||2000,00|8,00|160,00|99||1,6500|||0,00|99||7,6000|||0,00|511110100000101|
|C170|2|40F||1,00000|KG|600,00|0,00|1|010|6401|611SC|600,00|12,00|72,00|600,00|0,00|30,00|0|51||0,00|0,00|0,00|99||1,6500|||0,00|99||7,6000|||0,00|511110100000101|
|C170|3|.COMPRAS||3,00000|PC|690,00|0,00|1|100|6401|611SC|690,00|12,00|82,80|0,00|0,00|0,00|0|50||690,00|8,00|55,20|99||1,6500|||0,00|99||7,6000|||0,00|511110100000101|
|C100|1|0|13|55|00|5|71105|35110853113791001790550050000711050000000000|20082011||660,73|2|||628,45|2||||628,45|75,41|||32,28|||||
|C170|1|13T||1,00000|KG|28,45|0,00|1|100|6401|611SC|28,45|12,00|3,41|0,00|0,00|0,00|0|50||28,45|8,00|2,28|99||1,6500|||0,00|99||7,6000|||0,00|511110100000101|
|C170|2|.COMPRAS.FISICO||2,00000|PC|600,00|0,00|1|100|6401|611SC|600,00|12,00|72,00|0,00|0,00|0,00|0|50||600,00|5,00|30,00|99||1,6500|||0,00|99||7,6000|||0,00|511110100000101|
|C100|1|0||01|02|5|76168||||||||||||||||||||||
|C100|1|0||01|02|5|76169||||||||||||||||||||||
|C100|1|0|70|01|00|5|76170||01082011||138271811,68|0|||138271811,68|2||||138271811,68|34567952,92||||2281484,89|10508657,69|||
|C170|1|13F||2,00000|KG|208,00|0,00|0|100|6102|6123|208,00|25,00|52,00|0,00|0,00|0,00|0|51||0,00|0,00|0,00|01|208,00|0,0000|||3,43|01|208,00|0,0000|||15,81|112210600000106|
|C170|2|13T||123456789,00000|KG|138271603,68|0,00|1|100|6102|6123|138271603,68|25,00|34567900,92|0,00|0,00|0,00|0|51||0,00|0,00|0,00|01|138271603,68|0,0000|||2281481,46|01|138271603,68|0,0000|||10508641,88|112210600000106|
|C100|1|0|81|01|00|5|76172||01082011||1742,36|0|||1740,26|2||||1740,26|435,07|||2,10|28,71|132,27|||
|C110|1|DOCTO REFERENCIADO|
|C170|1|13F||2,00000|KG|208,00|0,00|0|100|6102|611OTF|208,00|25,00|52,00|0,00|0,00|0,00|0|51||0,00|0,00|0,00|01|208,00|0,0000|||3,43|01|208,00|0,0000|||15,81|112110500000105|
|C170|2|13FF||2,00000|KG|26,26|0,00|0|100|6102|611OTF|26,26|25,00|6,57|0,00|0,00|0,00|0|50||26,26|8,00|2,10|01|26,26|0,0000|||0,43|01|26,26|0,0000|||2,00|112110500000105|
|C170|3|13T||2,00000|KG|210,00|0,00|0|100|6102|611OTF|210,00|25,00|52,50|0,00|0,00|0,00|0|51||0,00|0,00|0,00|01|210,00|0,0000|||3,47|01|210,00|0,0000|||15,96|112110500000105|
|C170|4|P2||2,00000|KG|1296,00|0,00|1|000|6102|611OTF|1296,00|25,00|324,00|0,00|0,00|0,00|0|51||0,00|0,00|0,00|01|1296,00|0,0000|||21,38|01|1296,00|0,0000|||98,50|112110500000105|
|C100|1|0|70|01|00|5|76174||01082011||31494,93|0|||30813,53|0||||30813,53|7703,38|||681,40|508,42|2341,83|||
|C110|1|DOCTO REFERENCIADO|
|C170|1|13T||200,00000|KG|21000,00|0,00|0|100|6102|611OTF|21000,00|25,00|5250,00|0,00|0,00|0,00|0|51||0,00|0,00|0,00|01|21000,00|0,0000|||346,50|01|21000,00|0,0000|||1596,00|112110500000105|
|C170|2|13C||100,00000|KG|8430,00|0,00|0|100|6102|611OTF|8430,00|25,00|2107,50|0,00|0,00|0,00|0|50||8430,00|8,00|674,40|01|8430,00|0,0000|||139,10|01|8430,00|0,0000|||640,68|112110500000105|
|C170|3|13FF||6,66670|KG|87,53|0,00|0|100|6102|611OTF|87,53|25,00|21,88|0,00|0,00|0,00|0|50||87,53|8,00|7,00|01|87,53|0,0000|||1,44|01|87,53|0,0000|||6,65|112110500000105|
|C170|4|P2||2,00000|KG|1296,00|0,00|1|000|6102|611OTF|1296,00|25,00|324,00|0,00|0,00|0,00|0|51||0,00|0,00|0,00|01|1296,00|0,0000|||21,38|01|1296,00|0,0000|||98,50|112110500000105|
|C100|1|0||01|02|5|76178||||||||||||||||||||||
|C100|1|0|70|01|00|5|76179||01082011||0,00|0|||21043,77|0||||||||3,50|||||
|C110|1|DOCTO REFERENCIADO|
|C111|01112016|9|
|C170|1|13FF||3,33330|KG|43,77|0,00|1|190|6118|611EFF|0,00|0,00|0,00|0,00|0,00|0,00|0|50||43,77|8,00|3,50|07|0,00|0,0000|||0,00|07|0,00|0,0000|||0,00|112110500000105|
|C170|2|13T||200,00000|KG|21000,00|0,00|1|190|6118|611EFF|0,00|0,00|0,00|0,00|0,00|0,00|0|51||0,00|0,00|0,00|07|0,00|0,0000|||0,00|07|0,00|0,0000|||0,00|112110500000105|
|C100|1|0|12704|01|00|5|76185||02082011||10,00|2|||10,00|2||||10,00|1,70||||||||
|C110|4|MERCADORIA RECEBIDA POR MEIO DA SUA NOTA FISCAL MOTIVO FORA DAS ESPECIFICAÇÕES TÉCNICAS IPI PARA CRÉDITO DO DESTINATÁRIO|
|C170|1|06.01.038-5||50,00000|PC|10,00|0,00|0|000|5201|51DFAR|10,00|17,00|1,70|0,00|0,00|0,00|0|51||0,00|0,00|0,00|07|0,00|0,0000|||0,00|07|0,00|0,0000|||0,00|511110100000101|
|C100|1|0||01|02|5|76186||||||||||||||||||||||
|C100|1|0|70|01|00|5|76195||02082011||109,08|2|||101,00|0||||101,00|25,25||||1,67|7,68|||
|C110|6|*IPI ALIQUOTA ZERO CLASS FISCAL A-7308.30.00 E C-7610.10.00  IPI ALIQUOTA 5% CLASS FISCAL B-7308.90.90  CONF.DECRETO 6006 DE 28/12/2006 *IPI ALIQUOTA ZERO CLASS FISCAL D-7610.90.00 CONF DECRETO 6455 DE 12/05/2008 * TRANSPORTE DE CARGA PROPRIA|
|C170|1|13C||1,00000|KG|101,00|0,00|0|100|6101|611RFA|101,00|25,00|25,25|0,00|0,00|0,00|0|52||0,00|0,00|0,00|01|101,00|0,0000|||1,67|01|101,00|0,0000|||7,68|511110100000101|
|C100|1|0|70|01|00|5|76196||03082011||883,71|0|||874,58|0||||874,58|218,65|||9,13|14,44|66,46|||
|C170|1|13C||1,00000|KG|101,00|0,00|0|100|6102|6123|101,00|25,00|25,25|0,00|0,00|0,00|0|50||101,00|8,00|8,08|01|101,00|0,0000|||1,67|01|101,00|0,0000|||7,68|112210600000106|
|C170|2|13CC||1,00000|PC|23,45|0,00|0|000|6102|6123|23,45|25,00|5,86|0,00|0,00|0,00|0|51||0,00|0,00|0,00|01|23,45|0,0000|||0,39|01|23,45|0,0000|||1,78|112210600000106|
|C170|3|13F||1,00000|KG|104,00|0,00|0|100|6102|6123|104,00|25,00|26,00|0,00|0,00|0,00|0|51||0,00|0,00|0,00|01|104,00|0,0000|||1,72|01|104,00|0,0000|||7,90|112210600000106|
|C170|4|13D||1,00000|PC|102,00|0,00|0|100|6102|6123|102,00|25,00|25,50|0,00|0,00|0,00|0|51||0,00|0,00|0,00|02|102,00|0,0000|||1,68|02|102,00|0,0000|||7,75|112210600000106|
|C170|5|13FF||1,00000|KG|13,13|0,00|0|100|6102|6123|13,13|25,00|3,28|0,00|0,00|0,00|0|50||13,13|8,00|1,05|01|13,13|0,0000|||0,22|01|13,13|0,0000|||1,00|112210600000106|
|C170|6|13T||1,00000|KG|105,00|0,00|0|100|6102|6123|105,00|25,00|26,25|0,00|0,00|0,00|0|51||0,00|0,00|0,00|01|105,00|0,0000|||1,73|01|105,00|0,0000|||7,98|112210600000106|
|C170|7|REF||1,00000|KG|102,00|0,00|0|000|6102|6123|102,00|25,00|25,50|0,00|0,00|0,00|0|51||0,00|0,00|0,00|01|102,00|0,0000|||1,68|01|102,00|0,0000|||7,75|112210600000106|
|C170|8|P1||1,00000|KG|107,00|0,00|0|000|6102|6123|107,00|25,00|26,75|0,00|0,00|0,00|0|51||0,00|0,00|0,00|01|107,00|0,0000|||1,77|01|107,00|0,0000|||8,13|112210600000106|
|C170|9|P2||1,00000|KG|108,00|0,00|1|000|6102|6123|108,00|25,00|27,00|0,00|0,00|0,00|0|51||0,00|0,00|0,00|01|108,00|0,0000|||1,78|01|108,00|0,0000|||8,21|112210600000106|
|C170|10|P3||1,00000|KG|109,00|0,00|0|000|6102|6123|109,00|25,00|27,26|0,00|0,00|0,00|0|51||0,00|0,00|0,00|01|109,00|0,0000|||1,80|01|109,00|0,0000|||8,28|112210600000106|
|C100|1|0|70|01|00|5|76267||10082011||685,26|0|||669,10|0||||669,10|167,28|||16,16|11,04|50,85|||
|C170|1|13C||2,00000|KG|202,00|0,00|0|100|6102|6123|202,00|25,00|50,50|0,00|0,00|0,00|0|50||202,00|8,00|16,16|01|202,00|0,0000|||3,33|01|202,00|0,0000|||15,35|112110500000105|
|C170|2|13T||2,00000|KG|210,00|0,00|0|100|6102|6123|210,00|25,00|52,50|0,00|0,00|0,00|0|51||0,00|0,00|0,00|01|210,00|0,0000|||3,47|01|210,00|0,0000|||15,96|112110500000105|
|C170|3|13T||2,00000|KG|257,10|0,00|0|100|6102|6123|257,10|25,00|64,28|0,00|0,00|0,00|0|51||0,00|0,00|0,00|01|257,10|0,0000|||4,24|01|257,10|0,0000|||19,54|112110500000105|
|C100|1|0|70|01|00|5|76270||10082011||0,00|0|||30123,34|0||||||||674,40|||||
|C170|1|13C||100,00000|KG|8430,00|0,00|1|190|6118|611EFF|0,00|0,00|0,00|0,00|0,00|0,00|0|50||8430,00|8,00|674,40|07|0,00|0,0000|||0,00|07|0,00|0,0000|||0,00|112110500000105|
|C170|2|13F||6,66670|KG|693,34|0,00|1|190|6118|611EFF|0,00|0,00|0,00|0,00|0,00|0,00|0|51||0,00|0,00|0,00|07|0,00|0,0000|||0,00|07|0,00|0,0000|||0,00|112110500000105|
|C170|3|13T||200,00000|KG|21000,00|0,00|1|190|6118|611EFF|0,00|0,00|0,00|0,00|0,00|0,00|0|51||0,00|0,00|0,00|07|0,00|0,0000|||0,00|07|0,00|0,0000|||0,00|112110500000105|
|C100|1|0|70|01|00|5|76272||10082011||30451,06|0|||29776,66|0||||29776,66|7444,17|||674,40|491,32|2263,03|||
|C110|1|DOCTO REFERENCIADO|
|C170|1|13F||3,33330|KG|346,66|0,00|0|100|6102|611OTF|346,66|25,00|86,67|0,00|0,00|0,00|0|51||0,00|0,00|0,00|01|346,66|0,0000|||5,72|01|346,66|0,0000|||26,35|112110500000105|
|C170|2|13T||200,00000|KG|21000,00|0,00|0|100|6102|611OTF|21000,00|25,00|5250,00|0,00|0,00|0,00|0|51||0,00|0,00|0,00|01|21000,00|0,0000|||346,50|01|21000,00|0,0000|||1596,00|112110500000105|
|C170|3|13C||100,00000|KG|8430,00|0,00|0|100|6102|611OTF|8430,00|25,00|2107,50|0,00|0,00|0,00|0|50||8430,00|8,00|674,40|01|8430,00|0,0000|||139,10|01|8430,00|0,0000|||640,68|112110500000105|
|C100|1|0|81|01|00|5|76274||10082011||846,32|0|||814,00|2||||814,00|203,50|||32,32|13,43|61,86|||
|C110|1|DOCTO REFERENCIADO|
|C170|1|13C||2,00000|KG|202,00|0,00|0|100|6102|611OTF|202,00|25,00|50,50|0,00|0,00|0,00|0|50||202,00|8,00|16,16|01|202,00|0,0000|||3,33|01|202,00|0,0000|||15,35|112110500000105|
|C170|2|13D|NARRATIVA INFORMADA \O/ \O/ \O/ \O/ EEEEEEEEEEE|2,00000|PC|204,00|0,00|0|100|6102|611OTF|204,00|25,00|51,00|0,00|0,00|0,00|0|51||0,00|0,00|0,00|02|204,00|0,0000|||3,37|02|204,00|0,0000|||15,50|112110500000105|
|C170|3|DD||2,00000|PC|206,00|0,00|0|000|6102|611OTF|206,00|25,00|51,50|0,00|0,00|0,00|0|51||0,00|0,00|0,00|01|206,00|0,0000|||3,40|01|206,00|0,0000|||15,66|112110500000105|
|C170|4|13C||2,00000|KG|202,00|0,00|0|100|6102|611OTF|202,00|25,00|50,50|0,00|0,00|0,00|0|50||202,00|8,00|16,16|01|202,00|0,0000|||3,33|01|202,00|0,0000|||15,35|112110500000105|
|C100|1|0|81|01|00|5|76277||10082011||785,70|0|||766,39|2||||766,39|191,60|||19,31|12,64|58,24|||
|C110|1|DOCTO REFERENCIADO|
|C170|1|13C||2,00000|KG|202,00|0,00|0|100|6102|611OTF|202,00|25,00|50,50|0,00|0,00|0,00|0|50||202,00|8,00|16,16|01|202,00|0,0000|||3,33|01|202,00|0,0000|||15,35|112110500000105|
|C170|2|13FF||3,00000|KG|39,39|0,00|0|100|6102|611OTF|39,39|25,00|9,85|0,00|0,00|0,00|0|50||39,39|8,00|3,15|01|39,39|0,0000|||0,65|01|39,39|0,0000|||2,99|112110500000105|
|C170|3|13T||5,00000|KG|525,00|0,00|0|100|6102|611OTF|525,00|25,00|131,25|0,00|0,00|0,00|0|51||0,00|0,00|0,00|01|525,00|0,0000|||8,66|01|525,00|0,0000|||39,90|112110500000105|
|C100|1|0|70|01|00|5|76279||10082011||25599,47|0|||25258,77|0||||25258,77|6314,69|||340,70|416,77|1919,67|||
|C110|1|DOCTO REFERENCIADO|
|C170|1|13C||50,00000|KG|4215,00|0,00|0|100|6102|611OTF|4215,00|25,00|1053,75|0,00|0,00|0,00|0|50||4215,00|8,00|337,20|01|4215,00|0,0000|||69,55|01|4215,00|0,0000|||320,34|112110500000105|
|C170|2|13FF||3,33330|KG|43,77|0,00|0|100|6102|611OTF|43,77|25,00|10,94|0,00|0,00|0,00|0|50||43,77|8,00|3,50|01|43,77|0,0000|||0,72|01|43,77|0,0000|||3,33|112110500000105|
|C170|3|13T||200,00000|KG|21000,00|0,00|0|100|6102|611OTF|21000,00|25,00|5250,00|0,00|0,00|0,00|0|51||0,00|0,00|0,00|01|21000,00|0,0000|||346,50|01|21000,00|0,0000|||1596,00|112110500000105|
|C100|1|0|70|01|00|5|76316||12082011||109,08|0|||101,00|0||||101,00|25,25|||8,08|1,67|7,68|||
|C170|1|13C||1,00000|KG|101,00|0,00|0|100|6102|6123|101,00|25,00|25,25|0,00|0,00|0,00|0|50||101,00|8,00|8,08|01|101,00|0,0000|||1,67|01|101,00|0,0000|||7,68|112110500000105|
|C100|1|0|81|01|00|5|76317||12082011||414,00|0|||414,00|2||||414,00|103,50||||6,83|31,46|||
|C170|1|13F||1,00000|KG|104,00|0,00|0|100|6102|6123|104,00|25,00|26,00|0,00|0,00|0,00|0|51||0,00|0,00|0,00|01|104,00|0,0000|||1,72|04|0,00|0,0000|||7,90|112110500000105|
|C170|2|13D|NARRATIVA INFORMADA \O/ \O/ \O/ \O/ EEEEEEEEEEE|1,00000|PC|102,00|0,00|0|100|6102|6123|102,00|25,00|25,50|0,00|0,00|0,00|0|51||0,00|0,00|0,00|02|102,00|0,0000|||1,68|01|102,00|0,0000|||7,75|112110500000105|
|C170|3|DD||1,00000|PC|103,00|0,00|0|000|6102|6123|103,00|25,00|25,75|0,00|0,00|0,00|0|51||0,00|0,00|0,00|01|103,00|0,0000|||1,70|01|103,00|0,0000|||7,83|112110500000105|
|C170|4|13T||1,00000|KG|105,00|0,00|0|100|6102|6123|105,00|25,00|26,25|0,00|0,00|0,00|0|51||0,00|0,00|0,00|01|105,00|0,0000|||1,73|01|105,00|0,0000|||7,98|112110500000105|
|C100|1|0|70|01|00|5|76319||12082011||213,08|0|||205,00|0||||205,00|51,25|||8,08|3,39|15,58|||
|C170|1|13C||1,00000|KG|101,00|0,00|0|100|6102|6123|101,00|25,00|25,25|0,00|0,00|0,00|0|50||101,00|8,00|8,08|01|101,00|0,0000|||1,67|01|101,00|0,0000|||7,68|112110500000105|
|C170|2|13F||1,00000|KG|104,00|0,00|0|100|6102|6123|104,00|25,00|26,00|0,00|0,00|0,00|0|51||0,00|0,00|0,00|01|104,00|0,0000|||1,72|04|0,00|0,0000|||7,90|112110500000105|
|C100|1|0|81|01|00|5|76320||12082011||213,08|0|||205,00|2||||205,00|51,25|||8,08|3,39|15,58|||
|C170|1|13C||1,00000|KG|101,00|0,00|0|100|6102|6123|101,00|25,00|25,25|0,00|0,00|0,00|0|50||101,00|8,00|8,08|01|101,00|0,0000|||1,67|01|101,00|0,0000|||7,68|112110500000105|
|C170|2|13F||1,00000|KG|104,00|0,00|0|100|6102|6123|104,00|25,00|26,00|0,00|0,00|0,00|0|51||0,00|0,00|0,00|01|104,00|0,0000|||1,72|04|0,00|0,0000|||7,90|112110500000105|
|C100|1|0|70|01|00|5|76321||12082011||213,08|0|||205,00|0||||205,00|51,25|||8,08|3,39|15,58|||
|C170|1|13C||1,00000|KG|101,00|0,00|0|100|6102|6123|101,00|25,00|25,25|0,00|0,00|0,00|0|50||101,00|8,00|8,08|01|101,00|0,0000|||1,67|01|101,00|0,0000|||7,68|112110500000105|
|C170|2|13F||1,00000|KG|104,00|0,00|0|100|6102|6123|104,00|25,00|26,00|0,00|0,00|0,00|0|51||0,00|0,00|0,00|01|104,00|0,0000|||1,72|04|0,00|0,0000|||7,90|112110500000105|
|C100|1|0|81|01|00|5|76322||12082011||3180,80|0|||3100,00|2||||3100,00|775,00|||80,80|51,16|235,60|||
|C170|1|13C||10,00000|KG|1010,00|0,00|0|100|6102|6123|1010,00|25,00|252,50|0,00|0,00|0,00|0|50||1010,00|8,00|80,80|01|1010,00|0,0000|||16,67|01|1010,00|0,0000|||76,76|112110500000105|
|C170|2|13T||10,00000|KG|1050,00|0,00|0|100|6102|6123|1050,00|25,00|262,50|0,00|0,00|0,00|0|51||0,00|0,00|0,00|01|1050,00|0,0000|||17,33|01|1050,00|0,0000|||79,80|112110500000105|
|C170|3|13F||10,00000|KG|1040,00|0,00|0|100|6102|6123|1040,00|25,00|260,00|0,00|0,00|0,00|0|51||0,00|0,00|0,00|01|1040,00|0,0000|||17,16|04|0,00|0,0000|||79,04|112110500000105|
|C100|1|0|81|01|00|5|76323||12082011||2580,00|0|||2580,00|2||||2580,00|645,00||||42,57|196,08|||
|C170|1|P2||2,00000|KG|1296,00|0,00|1|000|6102|6123|1296,00|25,00|324,00|0,00|0,00|0,00|0|51||0,00|0,00|0,00|01|1296,00|0,0000|||21,38|01|1296,00|0,0000|||98,50|112110500000105|
|C170|2|P1||2,00000|KG|1284,00|0,00|0|000|6102|6123|1284,00|25,00|321,00|0,00|0,00|0,00|0|51||0,00|0,00|0,00|01|1284,00|0,0000|||21,19|01|1284,00|0,0000|||97,58|112110500000105|
|C100|1|0|81|01|00|5|76324||12082011||632,08|0|||624,00|2||||624,00|156,00|||8,08|10,30|47,43|||
|C170|1|13C||1,00000|KG|101,00|0,00|0|100|6102|6123|101,00|25,00|25,25|0,00|0,00|0,00|0|50||101,00|8,00|8,08|01|101,00|0,0000|||1,67|01|101,00|0,0000|||7,68|112110500000105|
|C170|2|13F||2,00000|KG|208,00|0,00|0|100|6102|6123|208,00|25,00|52,00|0,00|0,00|0,00|0|51||0,00|0,00|0,00|01|208,00|0,0000|||3,43|04|0,00|0,0000|||15,81|112110500000105|
|C170|3|13T||3,00000|KG|315,00|0,00|0|100|6102|6123|315,00|25,00|78,75|0,00|0,00|0,00|0|51||0,00|0,00|0,00|01|315,00|0,0000|||5,20|01|315,00|0,0000|||23,94|112110500000105|
|C100|1|0|13|01|00|5|76325||12082011||5600,00|1|||5600,00|0||||5600,00|1400,00||||92,40|425,60|||
|C110|12|ICMS ISENTO ANEXO I, ART 5* DO RICMS/00 IPI ISENTO DEC 4544/2002, ART 105 DO RIPI/2002|
|C170|1|FB2||100,00000|M|5600,00|0,00|0|000|6109|611-IE|5600,00|25,00|1400,00|0,00|0,00|0,00|0|51||0,00|0,00|0,00|01|5600,00|0,0000|||92,40|01|5600,00|0,0000|||425,60|112110500000105|
|C100|1|0|70|01|00|5|76327||12082011||426,16|0|||410,00|0||||410,00|102,50|||16,16|6,76|31,16|||
|C170|1|13C||2,00000|KG|202,00|0,00|0|100|6102|6123|202,00|25,00|50,50|0,00|0,00|0,00|0|50||202,00|8,00|16,16|01|202,00|0,0000|||3,33|01|202,00|0,0000|||15,35|112110500000105|
|C170|2|13F||2,00000|KG|208,00|0,00|0|100|6102|6123|208,00|25,00|52,00|0,00|0,00|0,00|0|51||0,00|0,00|0,00|01|208,00|0,0000|||3,43|04|0,00|0,0000|||15,81|112110500000105|
|C100|1|0|1|01|00|5|76329||12082011||287,92|0|||280,51|2||||280,51|70,13|||7,41|4,63|21,33|||
|C170|1|DD||1,00000|PC|94,42|0,00|0|000|6102|6123|94,42|25,00|23,60|0,00|0,00|0,00|0|51||0,00|0,00|0,00|01|94,42|0,0000|||1,56|01|94,42|0,0000|||7,18|112110500000105|
|C170|2|13C||1,00000|KG|92,59|0,00|0|100|6102|6123|92,59|25,00|23,15|0,00|0,00|0,00|0|50||92,59|8,00|7,41|01|92,59|0,0000|||1,53|01|92,59|0,0000|||7,04|112110500000105|
|C170|3|13D|NARRATIVA INFORMADA \O/ \O/ \O/ \O/ EEEEEEEEEEE|1,00000|PC|93,50|0,00|0|100|6102|6123|93,50|25,00|23,38|0,00|0,00|0,00|0|51||0,00|0,00|0,00|02|93,50|0,0000|||1,54|01|93,50|0,0000|||7,11|112110500000105|
|C100|1|0|70|01|00|5|76331||12082011||563,10|0|||563,10|0||||563,10|140,78||||9,29|42,80|||
|C170|1|DD||2,00000|PC|257,10|0,00|0|000|6102|6123|257,10|25,00|64,28|0,00|0,00|0,00|0|51||0,00|0,00|0,00|01|257,10|0,0000|||4,24|01|257,10|0,0000|||19,54|112110500000105|
|C170|2|13D|AAA|3,00000|PC|306,00|0,00|0|100|6102|6123|306,00|25,00|76,50|0,00|0,00|0,00|0|51||0,00|0,00|0,00|02|306,00|0,0000|||5,05|01|306,00|0,0000|||23,26|112110500000105|
|C100|1|0|1|01|00|5|76333||12082011||94,42|0|||94,42|2||||94,42|23,61||||1,56|7,18|||
|C170|1|DD||1,00000|PC|94,42|0,00|0|000|6102|6123|94,42|25,00|23,61|0,00|0,00|0,00|0|51||0,00|0,00|0,00|01|94,42|0,0000|||1,56|01|94,42|0,0000|||7,18|112110500000105|
|C100|1|0|1|01|00|5|76334||12082011||96,25|0|||96,25|2||||96,25|24,06||||1,59|7,32|||
|C170|1|13T||1,00000|KG|96,25|0,00|0|100|6102|6123|96,25|25,00|24,06|0,00|0,00|0,00|0|51||0,00|0,00|0,00|01|96,25|0,0000|||1,59|01|96,25|0,0000|||7,32|112110500000105|
|C100|1|0|13|01|00|5|76335||12082011||0,00|1|||10100,00|0||||||||808,00|||||
|C170|1|13C||100,00000|KG|10100,00|0,00|1|140|6118|611EFF|0,00|0,00|0,00|0,00|0,00|0,00|0|50||10100,00|8,00|808,00|07|0,00|0,0000|||0,00|07|0,00|0,0000|||0,00|112110500000105|
|C100|1|0|12704|01|00|5|76336||12082011||0,00|0|||4,00|2||||||||0,20|0,07|0,30|||
|C170|1|.COMPRASDD||2,00000|PC|4,00|0,00|0|190|5101|511EFF|0,00|0,00|0,00|0,00|0,00|0,00|0|50||4,00|5,00|0,20|01|4,00|0,0000|||0,07|01|4,00|0,0000|||0,30|112110500000105|
|C100|1|0|70|01|00|5|76338||12082011||109,08|0|||101,00|0||||101,00|25,25|||8,08|1,67|7,68|||
|C170|1|13C||1,00000|KG|101,00|0,00|0|100|6102|6123|101,00|25,00|25,25|0,00|0,00|0,00|0|50||101,00|8,00|8,08|01|101,00|0,0000|||1,67|01|101,00|0,0000|||7,68|112110500000105|
|C100|1|0|12704|01|00|5|76340||12082011||0,00|0|||4,00|2||||||||0,20|0,07|0,30|||
|C170|1|.COMPRASDD||2,00000|PC|4,00|0,00|0|190|5101|511EFF|0,00|0,00|0,00|0,00|0,00|0,00|0|50||4,00|5,00|0,20|01|4,00|0,0000|||0,07|01|4,00|0,0000|||0,30|112110500000105|
|C100|1|0|1|01|00|5|76341||12082011||100,00|0|||92,59|2||||92,59|23,15|||7,41|1,53|7,04|||
|C170|1|13C||1,00000|KG|92,59|0,00|0|100|6102|6123|92,59|25,00|23,15|0,00|0,00|0,00|0|50||92,59|8,00|7,41|01|92,59|0,0000|||1,53|01|92,59|0,0000|||7,04|112110500000105|
|C100|1|0|13|01|00|5|76342||12082011||560,00|1|||560,00|0||||560,00|140,00||||9,24|42,56|||
|C110|12|ICMS ISENTO ANEXO I, ART 5* DO RICMS/00 IPI ISENTO DEC 4544/2002, ART 105 DO RIPI/2002|
|C170|1|FB2||10,00000|M|560,00|0,00|0|000|6109|611-IE|560,00|25,00|140,00|0,00|0,00|0,00|0|51||0,00|0,00|0,00|01|560,00|0,0000|||9,24|01|560,00|0,0000|||42,56|112110500000105|
|C100|1|0|70|01|00|5|76500||19082011||27000,00|0|||25000,00|0||||25000,00|6250,00|||2000,00|412,50|1900,00|||
|C170|1|13C||1,00000|KG|25000,00|0,00|1|100|6102|6123|25000,00|25,00|6250,00|0,00|0,00|0,00|0|50||25000,00|8,00|2000,00|01|25000,00|0,0000|||412,50|01|25000,00|0,0000|||1900,00|511110100000101|
|C100|1|0|70|01|00|5|76501||19082011||0,00|0|||8737197,00|0|||||||||||||
|C170|1|13T||300,00000|KG|8737197,00|0,00|1|190|6118|611EFF|0,00|0,00|0,00|0,00|0,00|0,00|0|52||0,00|0,00|0,00|07|0,00|0,0000|||0,00|07|0,00|0,0000|||0,00|112110500000105|
|C100|1|0|13|01|00|5|76505||19082011||64472,50|1|||64472,50|0|||||||||1063,80|4899,91|||
|C110|12|ICMS ISENTO ANEXO I, ART 5* DO RICMS/00 IPI ISENTO DEC 4544/2002, ART 105 DO RIPI/2002|
|C170|1|SOJA||1258,00000|KG|64472,50|0,00|0|040|6109|611-IE|0,00|0,00|0,00|0,00|0,00|0,00|0|52||0,00|0,00|0,00|01|64472,50|0,0000|||1063,80|01|64472,50|0,0000|||4899,91|112110500000105|
|C100|1|0|70|01|00|5|76506||19082011||0,00|0|||2912399,00|0|||||||||||||
|C170|1|13T||100,00000|KG|2912399,00|0,00|1|190|6118|611EFF|0,00|0,00|0,00|0,00|0,00|0,00|0|52||0,00|0,00|0,00|07|0,00|0,0000|||0,00|07|0,00|0,0000|||0,00|112110500000105|
|C100|1|0|70|01|00|5|76507||19082011||0,00|0|||8737197,00|0|||||||||||||
|C170|1|13T||300,00000|KG|8737197,00|0,00|1|190|6118|611EFF|0,00|0,00|0,00|0,00|0,00|0,00|0|52||0,00|0,00|0,00|08|0,00|0,0000|||0,00|08|0,00|0,0000|||0,00|112110500000105|
|C100|1|0|70|01|00|5|76508||19082011||0,00|0|||8737197,00|0|||||||||||||
|C170|1|13T||300,00000|KG|8737197,00|0,00|1|190|6118|611EFF|0,00|0,00|0,00|0,00|0,00|0,00|0|52||0,00|0,00|0,00|07|0,00|0,0000|||0,00|07|0,00|0,0000|||0,00|112110500000105|
|C100|1|0|70|01|00|5|76512||19082011||12,00|0|||12,00|0||||12,00|3,00||||0,20|0,91|||
|C170|1|13T||1,00000|KG|12,00|0,00|0|100|6102|6123|12,00|25,00|3,00|0,00|0,00|0,00|0|51||0,00|0,00|0,00|01|12,00|0,0000|||0,20|01|12,00|0,0000|||0,91|511110100000101|
|C100|1|0|13|01|00|5|76513||19082011||8300,00|1|||8300,00|0|||||||||136,95|630,80|||
|C110|12|ICMS ISENTO ANEXO I, ART 5* DO RICMS/00 IPI ISENTO DEC 4544/2002, ART 105 DO RIPI/2002|
|C170|1|SOJA||10000,00000|KG|8300,00|0,00|0|040|6109|611-IE|0,00|0,00|0,00|0,00|0,00|0,00|0|52||0,00|0,00|0,00|01|8300,00|0,0000|||136,95|01|8300,00|0,0000|||630,80|112110500000105|
|C100|1|0|70|01|00|5|76514||19082011||0,00|0|||14561995,00|0|||||||||||||
|C170|1|13T||200,00000|KG|5824798,00|0,00|1|190|6118|611EFF|0,00|0,00|0,00|0,00|0,00|0,00|0|52||0,00|0,00|0,00|07|0,00|0,0000|||0,00|07|0,00|0,0000|||0,00|112110500000105|
|C170|2|13T||300,00000|KG|8737197,00|0,00|1|190|6118|611EFF|0,00|0,00|0,00|0,00|0,00|0,00|0|52||0,00|0,00|0,00|07|0,00|0,0000|||0,00|07|0,00|0,0000|||0,00|112110500000105|
|C100|1|0|70|01|00|5|76519||19082011||0,00|0|||14561995,00|0|||||||||||||
|C170|1|13T||200,00000|KG|5824798,00|0,00|1|140|6118|611EFF|0,00|0,00|0,00|0,00|0,00|0,00|0|52||0,00|0,00|0,00|07|0,00|0,0000|||0,00|07|0,00|0,0000|||0,00|112110500000105|
|C170|2|13T||300,00000|KG|8737197,00|0,00|1|140|6118|611EFF|0,00|0,00|0,00|0,00|0,00|0,00|0|52||0,00|0,00|0,00|07|0,00|0,0000|||0,00|07|0,00|0,0000|||0,00|112110500000105|
|C100|1|0|70|01|00|5|76726||31082011||84124,56|0|||82124,56|0||||82124,56|20531,14|||2000,00|1355,06|6241,46|||
|C170|1|13C|ITEM CONTROLE CONSIGNADO JCSSGEI APDBRA VLS ....... 100X150X12-4 *IPI ALIQUOTA ZERO CLASS FISCAL A-7308.30.00 E C-7610.10.00 IPI ALIQUOTA 5% CLASS FISCAL B-7308.90.90 CONF.DECRETO 6006 DE 28/12/2006 *IPI ALIQUOTA ZERO CLASS FISCAL D-7610.90.00 CONF DECRE|1,00000|KG|25000,00|0,00|0|100|6102|6123|25000,00|25,00|6250,00|0,00|0,00|0,00|0|50||25000,00|8,00|2000,00|01|25000,00|1,6500|||412,50|01|25000,00|7,6000|||1900,00||
|C170|2|13F|ITEM CONTROLE TOTAL|1,00000|KG|28000,57|0,00|0|100|6102|6123|28000,57|25,00|7000,14|0,00|0,00|0,00|0|51||0,00|0,00|0,00|01|28000,57|1,6500|||462,01|04|28000,57|7,6000|||2128,04||
|C170|3|13T|ITEM CONTROLE TOTAL|1,00000|KG|29123,99|0,00|0|100|6102|6123|29123,99|25,00|7281,00|0,00|0,00|0,00|0|51||0,00|0,00|0,00|01|29123,99|1,6500|||480,55|01|29123,99|7,6000|||2213,42||
|C100|1|0|81|01|00|5|76727||31082011||84124,56|0|||82124,56|2||||82124,56|20531,14|||2000,00|1355,06|6241,46|||
|C170|1|13C|ITEM CONTROLE CONSIGNADO JCSSGEI APDBRA VLS ....... 100X150X12-4 *IPI ALIQUOTA ZERO CLASS FISCAL A-7308.30.00 E C-7610.10.00 IPI ALIQUOTA 5% CLASS FISCAL B-7308.90.90 CONF.DECRETO 6006 DE 28/12/2006 *IPI ALIQUOTA ZERO CLASS FISCAL D-7610.90.00 CONF DECRE|1,00000|KG|25000,00|0,00|0|100|6102|6123|25000,00|25,00|6250,00|0,00|0,00|0,00|0|50||25000,00|8,00|2000,00|01|25000,00|1,6500|||412,50|01|25000,00|7,6000|||1900,00||
|C170|2|13F|ITEM CONTROLE TOTAL|1,00000|KG|28000,57|0,00|0|100|6102|6123|28000,57|25,00|7000,14|0,00|0,00|0,00|0|51||0,00|0,00|0,00|01|28000,57|1,6500|||462,01|04|28000,57|7,6000|||2128,04||
|C170|3|13T|ITEM CONTROLE TOTAL|1,00000|KG|29123,99|0,00|0|100|6102|6123|29123,99|25,00|7281,00|0,00|0,00|0,00|0|51||0,00|0,00|0,00|01|29123,99|1,6500|||480,55|01|29123,99|7,6000|||2213,42||
|C100|1|0|81|01|00|5|76728||31082011||84124,56|0|||82124,56|2||||82124,56|20531,14|||2000,00|1355,06|6241,46|||
|C170|1|13C|ITEM CONTROLE CONSIGNADO JCSSGEI APDBRA VLS ....... 100X150X12-4 *IPI ALIQUOTA ZERO CLASS FISCAL A-7308.30.00 E C-7610.10.00 IPI ALIQUOTA 5% CLASS FISCAL B-7308.90.90 CONF.DECRETO 6006 DE 28/12/2006 *IPI ALIQUOTA ZERO CLASS FISCAL D-7610.90.00 CONF DECRE|1,00000|KG|25000,00|0,00|0|100|6102|6123|25000,00|25,00|6250,00|0,00|0,00|0,00|0|50||25000,00|8,00|2000,00|01|25000,00|1,6500|||412,50|01|25000,00|7,6000|||1900,00||
|C170|2|13F|ITEM CONTROLE TOTAL|1,00000|KG|28000,57|0,00|0|100|6102|6123|28000,57|25,00|7000,14|0,00|0,00|0,00|0|51||0,00|0,00|0,00|01|28000,57|1,6500|||462,01|04|28000,57|7,6000|||2128,04||
|C170|3|13T|ITEM CONTROLE TOTAL|1,00000|KG|29123,99|0,00|0|100|6102|6123|29123,99|25,00|7281,00|0,00|0,00|0,00|0|51||0,00|0,00|0,00|01|29123,99|1,6500|||480,55|01|29123,99|7,6000|||2213,42||
|C100|1|0|22|01|00|5|76729||31082011||1854,28|0|||1809,00|0||||1809,00|452,25|||45,28|29,85|137,48|||
|C170|1|13C|ITEM CONTROLE CONSIGNADO JCSSGEI APDBRA VLS ....... 100X150X12-4 *IPI ALIQUOTA ZERO CLASS FISCAL A-7308.30.00 E C-7610.10.00 IPI ALIQUOTA 5% CLASS FISCAL B-7308.90.90 CONF.DECRETO 6006 DE 28/12/2006 *IPI ALIQUOTA ZERO CLASS FISCAL D-7610.90.00 CONF DECRE|1,00000|KG|122,00|0,00|0|100|6102|6123|122,00|25,00|30,50|0,00|0,00|0,00|0|50||122,00|8,00|9,76|01|122,00|1,6500|||2,01|01|122,00|7,6000|||9,27||
|C170|2|13FF|ITEM CONTROLE FÍSICO|2,00000|KG|444,00|0,00|0|100|6102|6123|444,00|25,00|111,00|0,00|0,00|0,00|0|50||444,00|8,00|35,52|01|444,00|1,6500|||7,33|01|444,00|7,6000|||33,74||
|C170|3|DD|MATERIAL D.DIRETO - TRIBUTADO|11,00000|PC|1221,00|0,00|1|000|6102|6123|1221,00|25,00|305,25|0,00|0,00|0,00|0|51||0,00|0,00|0,00|01|1221,00|1,6500|||20,15|01|1221,00|7,6000|||92,80||
|C170|4|13D|NARRATIVA INFORMADA \O/ \O/ \O/ \O/ EEEEEEEEEEE|1,00000|PC|22,00|0,00|1|100|6102|6123|22,00|25,00|5,50|0,00|0,00|0,00|0|51||0,00|0,00|0,00|02|22,00|1,6500|||0,36|01|22,00|7,6000|||1,67||
|C100|1|0|13|01|00|5|20161101||20082011||11700,00|2|||10000,00|2||||10000,00|2500,00|10000,00|700,00|1000,00|||||
|C170|1|40F||1,00000|KG|10000,00|0,00|1|010|6101|611JEC|10000,00|25,00|2500,00|10000,00|0,00|700,00|0|50||10000,00|10,00|1000,00|08|0,00|0,0000|||0,00|08|0,00|0,0000|||0,00|511110100000101|
|C100|1|0|57|01|00|5|20161102||20082011||1120,00|2|||1000,00|2||||1000,00|120,00|1000,00|70,00|50,00|||||
|C170|1|.COMPRAS||2,00000|PC|1000,00|0,00|1|110|6101|611JEC|1000,00|12,00|120,00|1000,00|0,00|70,00|0|50||1000,00|5,00|50,00|08|0,00|0,0000|||0,00|08|0,00|0,0000|||0,00|511110100000101|
|C100|0|0||01|02|GRAOS|45||||||||||||||||||||||
|C100|0|1|1|55|00|UN|5||08082011|08082011|1,05|2|||1,00|2||||1,00|0,18||||0,02|0,08|||
|C170|1|.COMPRAS||1,00000|PC|1,00|0,00|0|100|1101|11111|1,00|18,00|0,18|0,00|0,00|0,00|0|03||0,00|0,00|0,00|06|1,00|0,0000|||0,02|06|1,00|0,0000|||0,08|112110500000105|
|C100|1|0|1|01|00|UN|11||10082011||1466,72|0|||1466,72|2||||1466,72|366,68||||24,21|111,47|||
|C110|6|*IPI ALIQUOTA ZERO CLASS FISCAL A-7308.30.00 E C-7610.10.00  IPI ALIQUOTA 5% CLASS FISCAL B-7308.90.90  CONF.DECRETO 6006 DE 28/12/2006 *IPI ALIQUOTA ZERO CLASS FISCAL D-7610.90.00 CONF DECRETO 6455 DE 12/05/2008 * TRANSPORTE DE CARGA PROPRIA|
|C170|1|13D|NARRATIVA INFORMADA \O/ \O/ \O/ \O/ EEEEEEEEEEE|1,00000|PC|916,70|0,00|0|100|6101|611TB|916,70|25,00|229,17|0,00|0,00|0,00|0|51||0,00|0,00|0,00|02|916,70|0,0000|||15,13|02|916,70|0,0000|||69,67|112110500000105|
|C170|2|13F||2,00000|KG|550,02|0,00|0|100|6101|611TB|550,02|25,00|137,51|0,00|0,00|0,00|0|51||0,00|0,00|0,00|01|550,02|0,0000|||9,08|01|550,02|0,0000|||41,80|112110500000105|
|C100|1|0|1|01|00|UN|12||10082011||1100,04|0|||1100,04|2||||1100,04|275,01||||18,16|83,60|||
|C110|6|*IPI ALIQUOTA ZERO CLASS FISCAL A-7308.30.00 E C-7610.10.00  IPI ALIQUOTA 5% CLASS FISCAL B-7308.90.90  CONF.DECRETO 6006 DE 28/12/2006 *IPI ALIQUOTA ZERO CLASS FISCAL D-7610.90.00 CONF DECRETO 6455 DE 12/05/2008 * TRANSPORTE DE CARGA PROPRIA|
|C170|1|13D|NARRATIVA INFORMADA \O/ \O/ \O/ \O/ EEEEEEEEEEE|1,00000|PC|916,70|0,00|0|100|6101|611TB|916,70|25,00|229,17|0,00|0,00|0,00|0|50||916,70|0,00|0,00|03|916,70|0,0000|||15,13|01|916,70|0,0000|||69,67|112110500000105|
|C170|2|13F||1,00000|KG|183,34|0,00|0|100|6101|611TB|183,34|25,00|45,84|0,00|0,00|0,00|0|54||0,00|0,00|0,00|02|183,34|0,0000|||3,03|04|0,00|0,0000|||13,93|112110500000105|
|C100|0|1|1|01|00|UN|547||30082011|30082011|1221,00|2|||1221,00|2||||1221,00|207,57||||20,15|77,53|||
|C170|1|1122||111,00000|PC|1221,00|0,00|1|000|1101|111A|1221,00|17,00|207,57|0,00|0,00|0,00|0|01||0,00|0,00|0,00|06|1221,00|0,0000|||20,15|06|1221,00|0,0000|||77,53|112110500000105|
|C100|0|1|1|01|00|UN|1802||17082011|17082011|5000,00|2|||5000,00|2|||||||||||||
|C170|1|13D||1,00000|PC|5000,00|0,00|1|190|2551|211MRI|0,00|17,00|0,00|0,00|0,00|0,00|0|49||0,00|0,00|0,00|99||0,0000|||0,00|99||0,0000|||0,00|112211400000114|
|C100|0|1|1|01|00|UN|3008||30082011|30082011|10,50|0|||10,00|2||||10,00|1,70|||0,50|0,17|0,76|||
|C170|1|.COMPRAS||10,00000|PC|10,00|0,00|1|190|1101|111FAF|0,00|0,00|0,00|0,00|0,00|0,00|0|00||0,00|0,00|0,00|06|10,00|0,0000|||0,17|06|10,00|0,0000|||0,76|413050100000503|
|C170|2|.COMPRAS||10,00000|PC|0,00|0,00|1|100|1101|111FAR|10,00|17,00|1,70|0,00|0,00|0,00|0|49||10,00|5,00|0,50|99||0,0000|||0,00|99||0,0000|||0,00|211050400000601|
|C100|0|1|1|01|00|UN|3208||31082011|31082011|10,50|0|||10,00|2|||||||||0,17|0,76|||
|C170|1|.COMPRAS||10,00000|PC|10,00|0,00|1|190|1101|111FAF|0,00|0,00|0,00|0,00|0,00|0,00|0|00||0,00|0,00|0,00|06|10,00|0,0000|||0,17|06|10,00|0,0000|||0,76|413050100000503|
|C100|0|1|1|01|00|UN|3308||31082011|31082011|10,50|0|||10,00|2||||||||0,50|0,17|0,76|||
|C170|1|.COMPRAS||10,00000|PC|10,00|0,00|1|190|1101|111FAF|0,00|0,00|0,00|0,00|0,00|0,00|0|00||10,00|5,00|0,50|06|10,00|0,0000|||0,17|06|10,00|0,0000|||0,76|413050100000503|
|C100|0|1|1|01|00|UN|3408||31082011|31082011|10,50|0|||10,00|2||||||||0,50|0,17|0,76|||
|C170|1|.COMPRAS||10,00000|PC|10,00|0,00|1|190|1101|111FAF|0,00|0,00|0,00|0,00|0,00|0,00|0|00||10,00|5,00|0,50|06|10,00|0,0000|||0,17|06|10,00|0,0000|||0,76|413050100000503|
|C100|0|1|1|01|00|UN|4100||04082011|04082011|1000,00|0|||1000,00|2|||||||||16,50|76,00|||
|C170|1|13D||1,00000|PC|1000,00|0,00|0|190|2551|211MRI|0,00|0,00|0,00|0,00|0,00|0,00|0|03||0,00|0,00|0,00|09|1000,00|0,0000|||16,50|09|1000,00|0,0000|||76,00|112112000000120|
|C100|0|1|1|01|00|UN|7458||18082011|18082011|7800,00|0|||7800,00|2|||||||||128,70|592,80|||
|C170|1|13D||1,00000|PC|7800,00|0,00|0|190|2551|211MRI|0,00|0,00|0,00|0,00|0,00|0,00|0|03||0,00|0,00|0,00|09|7800,00|0,0000|||128,70|09|7800,00|0,0000|||592,80|112210600000106|
|C100|0|1|1|01|00|UN|8100||08082011|08082011|3000,00|0|||3000,00|2|||||||||49,50|228,00|||
|C170|1|13D||3,00000|PC|3000,00|0,00|0|190|2551|211MRI|0,00|0,00|0,00|0,00|0,00|0,00|0|03||0,00|0,00|0,00|09|3000,00|0,0000|||49,50|09|3000,00|0,0000|||228,00|112110500000105|
|C100|0|1|1|01|00|UN|8101||12082011|12082011|100,00|0|||100,00|2|||||||||1,65|7,60|||
|C170|1|13D||10,00000|PC|100,00|0,00|0|190|2551|211MRI|0,00|0,00|0,00|0,00|0,00|0,00|0|03||0,00|0,00|0,00|09|100,00|0,0000|||1,65|09|100,00|0,0000|||7,60|112211400000114|
|C100|0|1|1|01|00|UN|8103||12082011|12082011|100,00|0|||100,00|2|||||||||1,65|7,60|||
|C170|1|13D||10,00000|PC|100,00|0,00|0|190|2551|211MRI|0,00|0,00|0,00|0,00|0,00|0,00|0|03||0,00|0,00|0,00|09|100,00|0,0000|||1,65|09|100,00|0,0000|||7,60|112211400000114|
|C100|0|1|1|01|00|UN|8105||12082011|12082011|100,00|0|||100,00|2|||||||||1,65|7,60|||
|C170|1|13D||10,00000|PC|100,00|0,00|0|190|2551|211MRI|0,00|0,00|0,00|0,00|0,00|0,00|0|03||0,00|0,00|0,00|09|100,00|0,0000|||1,65|09|100,00|0,0000|||7,60|112211400000114|
|C100|0|1|12704|01|00|UN|10811||02082011|02082011|15,00|0|||15,00|2|||||||||0,25|1,14|||
|C170|1|.COMPRAS.LOTE||15,00000|PC|15,00|0,00|0|190|1101|111EFF|0,00|0,00|0,00|0,00|0,00|0,00|0|00||0,00|0,00|0,00|06|15,00|0,0000|||0,25|06|15,00|0,0000|||1,14|413050100000502|
|C100|0|1|12704|01|00|UN|20811||02082011|02082011|300,00|0|||300,00|2|||||||||4,21|19,38|||
|C170|1|.COMPRAS||50,00000|PC|300,00|0,00|0|190|1101|111EFF|0,00|0,00|0,00|0,00|0,00|0,00|0|00||0,00|0,00|0,00|06|255,00|0,0000|||4,21|06|255,00|0,0000|||19,38|413050100000502|
|C100|0|1|1|01|00|UN|25081||25082011|25082011|15097,45|2|||15097,45|2||||15097,45|2566,57||||249,11|958,69|||
|C170|1|1122||1234,00000|PC|15097,45|0,00|1|000|1101|111A|15097,45|17,00|2566,57|0,00|0,00|0,00|0|01||0,00|0,00|0,00|06|15097,45|0,0000|||249,11|06|15097,45|0,0000|||958,69|112110500000105|
|C100|0|1|1|01|00|UN|30082||30082011|30082011|84700,00|2|||84700,00|2||||84700,00|14399,00||||1397,55|5378,45|||
|C170|1|7700||7700,00000|PC|84700,00|0,00|0|000|1101|111A|84700,00|17,00|14399,00|0,00|0,00|0,00|0|01||0,00|0,00|0,00|06|84700,00|0,0000|||1397,55|06|84700,00|0,0000|||5378,45|112510100000101|
|C100|0|1|1|01|00|UN|30087||30082011|30082011|1,00|0|||1,00|2|||||||||0,02|0,08|||
|C170|1|.COMPRAS||10,00000|PC|1,00|0,00|1|190|1101|111FAF|0,00|0,00|0,00|0,00|0,00|0,00|0|00||0,00|0,00|0,00|06|1,00|0,0000|||0,02|06|1,00|0,0000|||0,08|413050100000503|
|C100|0|1|1|01|00|UN|32081||31082011|31082011|0,00|2||||2||||10,00|1,70|||0,50|||||
|C170|1|.COMPRAS||10,00000|PC|0,00|0,00|1|100|1101|111FAR|10,00|17,00|1,70|0,00|0,00|0,00|0|49||10,00|5,00|0,50|99||0,0000|||0,00|99||0,0000|||0,00|211050400000601|
|C100|0|1|1|01|00|UN|33081||31082011|31082011|0,00|2||||2||||10,00|1,70|||0,50|||||
|C170|1|.COMPRAS||10,00000|PC|0,00|0,00|1|100|1101|111FAR|10,00|17,00|1,70|0,00|0,00|0,00|0|49||10,00|5,00|0,50|99||0,0000|||0,00|99||0,0000|||0,00|211050400000601|
|C100|0|1|12704|01|00|UN|40811||04082011|04082011|2500,00|0|||2500,00|2|||||||||41,25|190,00|||
|C170|1|.COMPRAS||500,00000|PC|2500,00|0,00|0|190|1101|111EFF|0,00|0,00|0,00|0,00|0,00|0,00|0|00||0,00|0,00|0,00|06|2500,00|0,0000|||41,25|06|2500,00|0,0000|||190,00|413050100000502|
|C100|0|1|40001|01|00|UN|50810||05082011|05082011|8,19|1|||7,80|2||||7,80|1,40||||0,13|0,59|||
|C170|1|ABJC-100||1,00000|PC|7,80|0,00|0|100|1101|11111|7,80|18,00|1,40|0,00|0,00|0,00|0|03||0,00|0,00|0,00|06|7,80|0,0000|||0,13|06|7,80|0,0000|||0,59|113015800000158|
|C100|0|1|12704|01|00|UN|50811||05082011|05082011|574,22|0|||574,22|2|||||||||9,47|43,64|||
|C170|1|.COMPRAS||248,00000|PC|574,22|0,00|0|190|1101|111EFF|0,00|0,00|0,00|0,00|0,00|0,00|0|00||0,00|0,00|0,00|06|574,22|0,0000|||9,47|06|574,22|0,0000|||43,64|413050100000502|
|C100|0|1|40001|01|00|UN|50811||05082011|05082011|73,50|1|||70,00|2||||70,00|12,60||||1,16|5,32|||
|C170|1|ABJC-100||7,00000|PC|70,00|0,00|0|100|1101|11111|70,00|18,00|12,60|0,00|0,00|0,00|0|03||0,00|0,00|0,00|06|70,00|0,0000|||1,16|06|70,00|0,0000|||5,32|112500100000001|
|C100|0|1|12704|01|00|UN|70811||09082011|09082011|50,00|0|||50,00|2|||||||||0,83|3,80|||
|C170|1|.COMPRASREFERENC||10,00000|PC|50,00|0,00|0|190|1101|111EFF|0,00|0,00|0,00|0,00|0,00|0,00|0|00||0,00|0,00|0,00|06|50,00|0,0000|||0,83|06|50,00|0,0000|||3,80|413050100000502|
|C100|0|1|12704|01|00|UN|77777||03082011|03082011|500,00|0|||500,00|2||||500,00|85,00||||8,25|38,00|||
|C170|1|13T||50,00000|KG|500,00|0,00|0|100|1101|1112|500,00|17,00|85,00|0,00|0,00|0,00|0|01||0,00|0,00|0,00|06|500,00|0,0000|||8,25|06|500,00|0,0000|||38,00|112510100000101|
|C100|0|1|12704|01|00|UN|90811||09082011|09082011|62,60|0|||62,00|2||||12,00|2,04||||1,03|4,71|||
|C170|1|.COMPRAS.LOTE||5,00000|PC|50,00|0,00|0|190|1101|111EFF|0,00|0,00|0,00|0,00|0,00|0,00|0|00||0,00|0,00|0,00|06|50,00|0,0000|||0,83|06|50,00|0,0000|||3,80|413050100000502|
|C170|2|.COMPRAS||6,00000|PC|12,00|0,00|0|100|1101|11111|12,00|17,00|2,04|0,00|0,00|0,00|0|03||0,00|0,00|0,00|06|12,00|0,0000|||0,20|06|12,00|0,0000|||0,91|211050400000601|
|C100|0|1|12704|01|00|UN|100811||10082011|10082011|52,50|0|||50,00|2||||50,00|8,50||||0,83|3,80|||
|C170|1|.COMPRAS||10,00000|PC|50,00|0,00|0|100|1101|11111|50,00|17,00|8,50|0,00|0,00|0,00|0|03||0,00|0,00|0,00|06|50,00|0,0000|||0,83|06|50,00|0,0000|||3,80|211050400000601|
|C170|2|.COMPRAS.LOTE||15,00000|PC|0,00|0,00|1|190|1101|11EFFR|0,00|0,00|0,00|0,00|0,00|0,00|0|49||0,00|0,00|0,00|99||0,0000|||0,00|99||0,0000|||0,00|413050100000502|
|C100|0|1|12704|01|00|UN|110811||11082011|11082011|250,00|0|||250,00|2|||||||||4,15|19,00|||
|C170|1|.COMPRAS.LOTE||10,00000|PC|50,00|0,00|0|190|1101|111EFF|0,00|0,00|0,00|0,00|0,00|0,00|0|00||0,00|0,00|0,00|06|50,00|0,0000|||0,83|06|50,00|0,0000|||3,80|413050100000502|
|C170|2|.COMPRAS.FISICO||10,00000|PC|50,00|0,00|0|190|1101|111EFF|0,00|0,00|0,00|0,00|0,00|0,00|0|00||0,00|0,00|0,00|06|50,00|0,0000|||0,83|06|50,00|0,0000|||3,80|413050100000502|
|C170|3|.COMPRASCONSIGNA||10,00000|PC|50,00|0,00|0|190|1101|111EFF|0,00|0,00|0,00|0,00|0,00|0,00|0|00||0,00|0,00|0,00|06|50,00|0,0000|||0,83|06|50,00|0,0000|||3,80|413050100000502|
|C170|4|.COMPRASREFERENC||10,00000|PC|50,00|0,00|0|190|1101|111EFF|0,00|0,00|0,00|0,00|0,00|0,00|0|00||0,00|0,00|0,00|06|50,00|0,0000|||0,83|06|50,00|0,0000|||3,80|413050100000502|
|C170|5|.COMPRASDD||10,00000|PC|50,00|0,00|0|190|1101|111EFF|0,00|0,00|0,00|0,00|0,00|0,00|0|00||0,00|0,00|0,00|06|50,00|0,0000|||0,83|06|50,00|0,0000|||3,80|413050100000502|
|C100|0|1|255|01|00|UN|112233||05082011|05082011|5000000,00|0|||5000000,00|2||||5000000,00|600000,00||||82500,00|380000,00|||
|C170|1|DD||10,00000|PC|5000000,00|0,00|0|000|1101|11111|5000000,00|12,00|600000,00|0,00|0,00|0,00|0|03||0,00|0,00|0,00|06|5000000,00|0,0000|||82500,00|06|5000000,00|0,0000|||380000,00|311311311312113|
|C100|0|1|12704|01|00|UN|120811||12082011|12082011|2500,00|0|||2500,00|2|||||||||41,25|190,00|||
|C170|1|.COMPRASCN|PROJETO 87 - CN POR ORDEM|250,00000|PC|2500,00|0,00|0|190|1101|111EFF|0,00|0,00|0,00|0,00|0,00|0,00|0|00||0,00|0,00|0,00|06|2500,00|0,0000|||41,25|06|2500,00|0,0000|||190,00|413050100000502|
|C100|0|1|12704|01|00|UN|120812||12082011|12082011|50,00|0|||50,00|2|||||||||0,83|3,80|||
|C170|1|.COMPRAS||5,00000|PC|50,00|0,00|0|190|1101|111EFF|0,00|0,00|0,00|0,00|0,00|0,00|0|00||0,00|0,00|0,00|06|50,00|0,0000|||0,83|06|50,00|0,0000|||3,80|413050100000502|
|C100|0|1|1|55|00|UN|123456||05082011|05082011|1,00|0|||1,00|2||||1,00|0,18||||0,02|0,08|||
|C170|1|KA02L||1,00000|PC|1,00|0,00|0|000|1101|11111|1,00|18,00|0,18|0,00|0,00|0,00|0|03||0,00|0,00|0,00|06|1,00|0,0000|||0,02|06|1,00|0,0000|||0,08|112510100000101|
|C100|0|1|12704|01|00|UN|160811||16082011|16082011|320,62|0|||320,62|2|||||||||5,29|24,37|||
|C170|1|.COMPRAS||25,00000|PC|320,62|0,00|0|190|1101|111EFF|0,00|0,00|0,00|0,00|0,00|0,00|0|00||0,00|0,00|0,00|06|320,62|0,0000|||5,29|06|320,62|0,0000|||24,37|413050100000502|
|C100|0|1|1|01|00|UN|220811||22082011|22082011|26250,00|0|||25000,00|2||||25000,00|4500,00||||412,50|1900,00|||
|C170|1|AAA||40,00000|CX|20000,00|0,00|0|100|1101|11111|20000,00|18,00|3600,00|0,00|0,00|0,00|0|03||0,00|0,00|0,00|06|20000,00|0,0000|||330,00|06|20000,00|0,0000|||1520,00|112500100000001|
|C170|2|AAA||10,00000|CT|5000,00|0,00|0|100|1101|11111|5000,00|18,00|900,00|0,00|0,00|0,00|0|03||0,00|0,00|0,00|06|5000,00|0,0000|||82,50|06|5000,00|0,0000|||380,00|112500100000001|
|C100|0|1|12704|01|00|UN|220811||22082011|22082011|10,50|0|||10,00|2||||10,00|1,70||||0,17|0,76|||
|C170|1|.COMPRAS||10,00000|PC|10,00|0,00|0|100|1101|11111|10,00|17,00|1,70|0,00|0,00|0,00|0|03||0,00|0,00|0,00|06|10,00|0,0000|||0,17|06|10,00|0,0000|||0,76|132020100000201|
|C100|0|1|12704|01|00|UN|230811||23082011|23082011|53,50|0|||51,00|2||||52,50|8,93|||2,50|0,85|3,26|||
|C170|1|.COMPRAS||10,00000|PC|50,00|0,00|1|100|1101|111AGR|52,50|17,00|8,93|0,00|0,00|0,00|0|00||50,00|5,00|2,50|06|50,00|0,0000|||0,83|06|50,00|0,0000|||3,18|112210600000106|
|C170|2|.COMPRAS||1,00000|PC|1,00|0,00|0|190|1101|111EFF|0,00|0,00|0,00|0,00|0,00|0,00|0|00||0,00|0,00|0,00|06|1,00|0,0000|||0,02|06|1,00|0,0000|||0,08|413050100000502|
|C100|0|1|12704|01|00|UN|240811||24082011|24082011|747,00|2|||747,00|2||||747,00|126,99||||12,33|56,77|||
|C110|1|DOCTO REFERENCIADO|
|C170|1|.COMPRAS||50,00000|PC|247,00|0,00|0|100|1124|19401|247,00|17,00|41,99|0,00|0,00|0,00|0|03||0,00|0,00|0,00|06|247,00|0,0000|||4,08|06|247,00|0,0000|||18,77|211050400000601|
|C170|2|DD||1,00000|PC|500,00|0,00|1|000|1124|19402|500,00|17,00|85,00|0,00|0,00|0,00|0|03||0,00|0,00|0,00|06|500,00|0,0000|||8,25|06|500,00|0,0000|||38,00|211050400000530|
|C100|0|1|12704|01|00|UN|300811||30082011|30082011|10,50|0|||10,00|2||||10,00|1,70|||0,50|0,17|0,76|||
|C170|1|.COMPRAS||10,00000|PC|10,00|0,00|0|100|1101|11111|10,00|17,00|1,70|0,00|0,00|0,00|0|00||10,00|5,00|0,50|06|10,00|0,0000|||0,17|06|10,00|0,0000|||0,76|211050400000601|
|C100|0|1|1|01|00|UN|340801||31082011|31082011|1,00|0|||1,00|2|||||||||0,02|0,08|||
|C170|1|.COMPRAS||10,00000|PC|1,00|0,00|1|190|1101|111FAF|0,00|0,00|0,00|0,00|0,00|0,00|0|00||0,00|0,00|0,00|06|1,00|0,0000|||0,02|06|1,00|0,0000|||0,08|413050100000503|
|C100|0|1|12704|01|00|UN|1234567||24082011|24082011|105,00|0|||100,00|2||||100,00|17,00||||1,65|7,60|||
|C170|1|.COMPRAS||10,00000|PC|100,00|0,00|0|100|1101|11111|100,00|17,00|17,00|0,00|0,00|0,00|0|03||0,00|0,00|0,00|06|100,00|0,0000|||1,65|06|100,00|0,0000|||7,60|211050400000601|
|C100|0|1|12704|01|00|UN|1908100||19082011|19082011|1000,00|0|||1000,00|2|||||||||16,50|76,00|||
|C170|1|.COMPRAS||100,00000|PC|1000,00|0,00|1|190|1101|111FAF|0,00|0,00|0,00|0,00|0,00|0,00|0|00||0,00|0,00|0,00|06|1000,00|0,0000|||16,50|06|1000,00|0,0000|||76,00|413050100000503|
|C100|0|1|12704|01|00|UN|1908101||19082011|19082011|50,00|2||||2||||1000,00|170,00|||50,00|||||
|C170|1|.COMPRAS||100,00000|PC|0,00|0,00|1|100|1101|111FAR|1000,00|17,00|170,00|0,00|0,00|0,00|0|49||1000,00|5,00|50,00|99||0,0000|||0,00|99||0,0000|||0,00|211050400000601|
|C100|0|1|12704|01|00|UN|1908150||19082011|19082011|1000,00|0|||1000,00|2|||||||||16,50|76,00|||
|C170|1|.COMPRAS||100,00000|PC|1000,00|0,00|1|190|1101|111FAF|0,00|0,00|0,00|0,00|0,00|0,00|0|00||0,00|0,00|0,00|06|1000,00|0,0000|||16,50|06|1000,00|0,0000|||76,00|413050100000503|
|C100|0|1|12704|01|00|UN|2208100||22082011|22082011|1000,00|0|||1000,00|2|||||||||16,50|76,00|||
|C170|1|.COMPRAS||100,00000|PC|1000,00|0,00|0|190|1101|111EFF|0,00|0,00|0,00|0,00|0,00|0,00|0|00||0,00|0,00|0,00|06|1000,00|0,0000|||16,50|06|1000,00|0,0000|||76,00|413050100000502|
|C100|0|1|12704|01|00|UN|2208150||22082011|22082011|10000,00|0|||10000,00|2|||||||||165,00|760,00|||
|C170|1|.COMPRAS||100,00000|PC|10000,00|0,00|0|190|1101|111EFF|0,00|0,00|0,00|0,00|0,00|0,00|0|00||0,00|0,00|0,00|06|10000,00|0,0000|||165,00|06|10000,00|0,0000|||760,00|413050100000502|
|C100|0|1|12704|01|00|UN|2208151||22082011|22082011|500,00|2||||2||||10000,00|1700,00|||500,00|||||
|C110|1|DOCTO REFERENCIADO|
|C170|1|.COMPRAS||100,00000|PC|0,00|0,00|1|100|1902|111EFR|10000,00|17,00|1700,00|0,00|0,00|0,00|0|49||10000,00|5,00|500,00|99||0,0000|||0,00|99||0,0000|||0,00|211050400000601|
|C100|0|1|12704|01|00|UN|2408111||24082011|24082011|100,00|0|||100,00|2|||||||||1,65|7,60|||
|C170|1|.COMPRAS||10,00000|PC|100,00|0,00|0|190|1101|111EFF|0,00|0,00|0,00|0,00|0,00|0,00|0|00||0,00|0,00|0,00|06|100,00|0,0000|||1,65|06|100,00|0,0000|||7,60|413050100000502|
|C100|0|1|12704|01|00|UN|2508001||25082011|25082011|1000,00|0|||1000,00|2|||||||||16,50|76,00|||
|C170|1|.COMPRAS||100,00000|PC|1000,00|0,00|0|190|1101|111EFF|0,00|0,00|0,00|0,00|0,00|0,00|0|00||0,00|0,00|0,00|06|1000,00|0,0000|||16,50|06|1000,00|0,0000|||76,00|413050100000502|
|C100|0|1|12704|01|00|UN|3108001||31082011|31082011|2500,00|0|||2500,00|2|||||||||41,25|190,00|||
|C170|1|.COMPRAS||100,00000|PC|2500,00|0,00|1|190|1101|111FAF|0,00|0,00|0,00|0,00|0,00|0,00|0|00||0,00|0,00|0,00|06|2500,00|0,0000|||41,25|06|2500,00|0,0000|||190,00|413050100000503|
|C100|0|1|12704|01|00|UN|6220911||22082011|22082011|735,00|0|||700,00|2||||700,00|119,00||||11,55|53,20|||
|C170|1|.COMPRAS||50,00000|PC|100,00|0,00|0|100|1101|11111|100,00|17,00|17,00|0,00|0,00|0,00|0|03||0,00|0,00|0,00|06|100,00|0,0000|||1,65|06|100,00|0,0000|||7,60|112210600000106|
|C170|2|.COMPRAS||200,00000|PC|600,00|0,00|0|100|1101|11111|600,00|17,00|102,00|0,00|0,00|0,00|0|03||0,00|0,00|0,00|06|600,00|0,0000|||9,90|06|600,00|0,0000|||45,60|112210600000106|
|C100|0|1|12704|01|00|UN|9300811||30082011|30082011|52,50|0|||50,00|2||||50,00|8,50|||2,50|0,83|3,80|||
|C170|1|.COMPRAS||10,00000|PC|50,00|0,00|0|100|1101|11111|50,00|17,00|8,50|0,00|0,00|0,00|0|00||50,00|5,00|2,50|06|50,00|0,0000|||0,83|06|50,00|0,0000|||3,80|211050400000601|
|C100|0|1|12704|01|00|UN|9990811||10082011|10082011|10,00|0|||10,00|2|||||||||0,17|0,76|||
|C170|1|.COMPRAS||10,00000|PC|10,00|0,00|0|190|1101|111EFF|0,00|0,00|0,00|0,00|0,00|0,00|0|00||0,00|0,00|0,00|06|10,00|0,0000|||0,17|06|10,00|0,0000|||0,76|413050100000502|
|C010|03483185000120|2|
|C100|1|0||01|02|5|9||||||||||||||||||||||
|C100|1|0|9179|01|00|5|10||02082011||1342,08|0||||0||||1342,08|228,15||||22,14|102,00|||
|C110|1|*IPI ALIQUOTA ZERO CLASS FISCAL A-7308.30.00 E C-7610.10.00  IPI ALIQUOTA 5% CLASS FISCAL B-7308.90.90  CONF.DECRETO 6006 DE 28/12/2006 *IPI ALIQUOTA ZERO CLASS FISCAL D-7610.90.00 CONF DECRETO 6455 DE 12/05/2008 * TRANSPORTE DE CARGA PROPRIA|
|C170|1|13T||12,00000|KG|0,00|0,00|0|100|5101|5111ST|1342,08|17,00|228,15|0,00|0,00|0,00|0|51||0,00|0,00|0,00|01|1342,08|0,0000|||22,14|01|1342,08|0,0000|||102,00||
|C100|1|0|9179|01|00|5|11||03082011||1127,50|0||||0||||1127,50|191,68||||18,60|85,69|||
|C110|1|*IPI ALIQUOTA ZERO CLASS FISCAL A-7308.30.00 E C-7610.10.00  IPI ALIQUOTA 5% CLASS FISCAL B-7308.90.90  CONF.DECRETO 6006 DE 28/12/2006 *IPI ALIQUOTA ZERO CLASS FISCAL D-7610.90.00 CONF DECRETO 6455 DE 12/05/2008 * TRANSPORTE DE CARGA PROPRIA|
|C170|1|13T||10,00000|KG|0,00|0,00|0|100|5101|5111ST|1127,50|17,00|191,68|0,00|0,00|0,00|0|51||0,00|0,00|0,00|01|1127,50|0,0000|||18,60|01|1127,50|0,0000|||85,69||
|C100|0|0||01|02|5|16||||||||||||||||||||||
|C100|0|0||01|02|5|17||||||||||||||||||||||
|C100|0|0||01|02|5|18||||||||||||||||||||||
|C100|0|0||01|02|GRAOS|38||||||||||||||||||||||
|C100|0|0||01|02|GRAOS|46||||||||||||||||||||||
|C100|0|0||01|02|GRAOS|51||||||||||||||||||||||
|C990|606|
|D001|0|
|D010|53113791001790|
|D200|27|00|5||6032014|6032014|6101|03082011|6300,00|0,00|
|D201|99|6300,00|6000,00|1,6500|99,00|511110100000101|
|D205|99|6300,00|6000,00|7,6000|456,00|511110100000101|
|D200|07|00|5||1032014|1032014|5101|20082011|5000,00|0,00|
|D201|99|5000,00|5000,00|1,6500|82,50|511110100000101|
|D205|99|5000,00|5000,00|7,6000|380,00|511110100000101|
|D990|9|
|F001|0|
|F010|53113791001790|
|F130|10|99|0|9|082011|100,00|0,00|100,00|2|50|8,33|1,6500|0,14|50|4,17|7,6000|0,32|112211400000114||9257/ITEM D¿BITO DIRETO|
|F130|10|03|0|2|082011|100,00|0,00|100,00|2|50|8,33|1,6500|0,14|50|4,17|7,6000|0,32|112211400000114||9259/ITEM D¿BITO DIRETO|
|F130|10|99|0|9|082011|7800,00|0,00|7800,00|2|50|650,00|1,6500|10,73|50|325,00|7,6000|24,70|112210600000106||9263/ITEM D¿BITO DIRETO|
|F130|10|99|0|9|072011|50000,00|0,00|50000,00|2|50|4166,67|1,6500|68,75|50|2083,33|7,6000|158,33|112110500000105||9243/ITEM D¿BITO DIRETO|
|F130|10|03|0|3|072011|50000,00|0,00|50000,00|2|51|4166,67|1,6500|68,75|51|2083,33|7,6000|158,33|112110500000105||9244/ITEM D¿BITO DIRETO|
|F130|10|99|0|9|072011|100000,00|93684,21|6315,79|2|51|526,32|1,6500|8,68|51|263,16|7,6000|20,00|112211400000114||9260/ITEM D¿BITO DIRETO|
|F990|9|
|M001|0|
|M100||0|9459,90|1,6500|||0,00|0,00|0,00|0,00|0,00|0|0,00|0,00|
|M105|10|50|4833,33|33,70|4799,63|4799,63||0,000||
|M105|10|51|4692,99|32,72|4660,27|4660,27||0,000||
|M200|4907,10|0,00|0,00|4907,10|0,00|0,00|4907,10|0,00|0,00|0,00|0,00|4907,10|
|M205|01|01|100,00|
|M210|02|2009,54|2009,54||0,000||0,00|0,00|0,00|0,00|0,00|0,00|
|M210|01|281747,68|296409,42|1,6500|0,000||4890,76|0,00|0,00|0,00|0,00|4890,76|
|M211||100,00|0,00|0,00|100,00|
|M210|02|682,00|990,26|1,6500|0,000||16,34|0,00|0,00|0,00|0,00|16,34|
|M400|06|133065,34|413050100000502||
|M410||133065,34|413050100000502||
|M400|06|17460,60|413050100000503||
|M410||17460,60|413050100000503||
|M400|06|1469,00|211050400000601||
|M410||1469,00|211050400000601||
|M400|06|1111,00|311311311315113||
|M410||1111,00|311311311315113||
|M400|06|25320,00|112500100000001||
|M410||25320,00|112500100000001||
|M400|06|120,00|112110700000107||
|M410||120,00|112110700000107||
|M400|07|90,00|||
|M410||90,00|||
|M400|07|49572050,11|112110500000105||
|M410||49572050,11|112110500000105||
|M400|07|10,00|511110100000101||
|M410||10,00|511110100000101||
|M400|08|8737197,00|112110500000105||
|M410||8737197,00|112110500000105||
|M400|08|11000,00|511110100000101||
|M410||11000,00|511110100000101||
|M400|06|16319,45|112110500000105||
|M410||16319,45|112110500000105||
|M400|09|1000,00|112112000000120||
|M410||1000,00|112112000000120||
|M400|09|7800,00|112210600000106||
|M410||7800,00|112210600000106||
|M400|09|3000,00|112110500000105||
|M410||3000,00|112110500000105||
|M400|09|300,00|112211400000114||
|M410||300,00|112211400000114||
|M400|06|85201,00|112510100000101||
|M410||85201,00|112510100000101||
|M400|06|7,80|113015800000158||
|M410||7,80|113015800000158||
|M400|06|5000000,00|311311311312113||
|M410||5000000,00|311311311312113||
|M400|06|10,00|132020100000201||
|M410||10,00|132020100000201||
|M400|06|750,00|112210600000106||
|M410||750,00|112210600000106||
|M400|06|500,00|211050400000530||
|M410||500,00|211050400000530||
|M500||0|4729,95|7,600|||0,00|0,00|0,00|0,00|0,00|0|0,00|0,00|
|M505|10|50|2416,67|16,85|2399,82|2399,82||0,000||
|M505|10|51|2346,49|16,36|2330,13|2330,13||0,000||
|M600|16119,08|0,00|0,00|16119,08|0,00|0,00|16119,08|0,00|0,00|0,00|0,00|16119,08|
|M605|01|01|100,00|
|M610|02|1324,70|1324,70||0,000||0,00|0,00|0,00|0,00|0,00|0,00|
|M610|01|196967,97|211385,83|7,6000|0,000||16065,32|0,00|0,00|0,00|0,00|16065,32|
|M611||100,00|0,00|0,00|100,00|
|M610|02|460,00|707,31|7,6000|0,000||53,76|0,00|0,00|0,00|0,00|53,76|
|M800|06|133065,34|413050100000502||
|M810||133065,34|413050100000502||
|M800|06|17460,60|413050100000503||
|M810||17460,60|413050100000503||
|M800|06|1469,00|211050400000601||
|M810||1469,00|211050400000601||
|M800|06|1111,00|311311311315113||
|M810||1111,00|311311311315113||
|M800|06|25320,00|112500100000001||
|M810||25320,00|112500100000001||
|M800|06|120,00|112110700000107||
|M810||120,00|112110700000107||
|M800|07|90,00|||
|M810||90,00|||
|M800|04|85001,71|||
|M810||85001,71|||
|M800|07|49572050,11|112110500000105||
|M810||49572050,11|112110500000105||
|M800|07|10,00|511110100000101||
|M810||10,00|511110100000101||
|M800|04|2055,34|112110500000105||
|M810||2055,34|112110500000105||
|M800|08|8737197,00|112110500000105||
|M810||8737197,00|112110500000105||
|M800|08|11000,00|511110100000101||
|M810||11000,00|511110100000101||
|M800|06|16319,45|112110500000105||
|M810||16319,45|112110500000105||
|M800|09|1000,00|112112000000120||
|M810||1000,00|112112000000120||
|M800|09|7800,00|112210600000106||
|M810||7800,00|112210600000106||
|M800|09|3000,00|112110500000105||
|M810||3000,00|112110500000105||
|M800|09|300,00|112211400000114||
|M810||300,00|112211400000114||
|M800|06|85201,00|112510100000101||
|M810||85201,00|112510100000101||
|M800|06|7,80|113015800000158||
|M810||7,80|113015800000158||
|M800|06|5000000,00|311311311312113||
|M810||5000000,00|311311311312113||
|M800|06|10,00|132020100000201||
|M810||10,00|132020100000201||
|M800|06|750,00|112210600000106||
|M810||750,00|112210600000106||
|M800|06|500,00|211050400000530||
|M810||500,00|211050400000530||
|M990|112|
|1001|1|
|1990|2|
|9001|0|
|9900|0000|1|
|9900|0001|1|
|9900|0100|1|
|9900|0110|1|
|9900|0111|1|
|9900|0140|2|
|9900|0150|5|
|9900|0190|7|
|9900|0200|36|
|9900|0205|7|
|9900|0400|38|
|9900|0450|10|
|9900|0500|16|
|9900|0600|2|
|9900|0990|1|
|9900|1001|1|
|9900|1990|1|
|9900|9001|1|
|9900|9900|62|
|9900|9990|1|
|9900|9999|1|
|9900|A001|1|
|9900|A010|1|
|9900|A100|2|
|9900|A110|1|
|9900|A170|2|
|9900|A990|1|
|9900|C001|1|
|9900|C010|2|
|9900|C100|221|
|9900|C110|35|
|9900|C111|1|
|9900|C170|345|
|9900|C990|1|
|9900|D001|1|
|9900|D010|1|
|9900|D200|2|
|9900|D201|2|
|9900|D205|2|
|9900|D990|1|
|9900|F001|1|
|9900|F010|1|
|9900|F130|6|
|9900|F990|1|
|9900|M001|1|
|9900|M100|1|
|9900|M105|2|
|9900|M200|1|
|9900|M205|1|
|9900|M210|3|
|9900|M211|1|
|9900|M400|22|
|9900|M410|22|
|9900|M500|1|
|9900|M505|2|
|9900|M600|1|
|9900|M605|1|
|9900|M610|3|
|9900|M611|1|
|9900|M800|24|
|9900|M810|24|
|9900|M990|1|
|9990|65|
|9999|940|
