|0000|012|0|01102011|31102011|ESTABELECIMENTO TOTVS - N ALTERAR CONTAS|53113791001790||SC|255721161|4209102|85369||A|0|
|0001|0|
|0005|ESTABELECIMENTO TOTVS - N ALTERAR CONTAS|89218900|AV SANTOS DUMONT|831100||SANTO ANTONIO|4340229922|||
|0015|CE|062729608|
|0015|MG|0014673520009|
|0015|MS|282906380|
|0015|MT|134006453|
|0015|RJ|92012050|
|0015|RS|0963385577|
|0015|SC|256179301|
|0015|SP|438010070113|
|0100|CONTABILISTA NEW|79195806920|124528|01905585000232|89200000|RUA 1|2||BAIRRO|4721210000|4721210000||4209102|
|0150|1|SASAZAKI INDUSTRIA E COMERCIO LTDA ACAO.|1058|52045697000110||438010070113|3529005||AV EUGENIO CONEGLIAN|10604||DISTR INDUSTRIAL|
|0190|KG|KILOGRAMA|
|0200|40T|ITEM CONTROLE TOTAL|||KG|90|73083000||73||15,00||
|0400|1112|COMPRA DE INSUMOS|
|0400|111A|COMPRA MATERIA PRIMA|
|0400|611-13|VENDA DE PRODUTOS FAVOR NAO ALTERAR|
|0400|611-IE|VENDA DE PRODUTOS FAVOR NAO ALTERAR|
|0450|1|ICMS ISENTO ANEXO I, ART 5* DO RICMS/00IPI ISENTO DEC 4544/2002, ART 105 DO RIPI/2002|
|0990|21|
|C001|0|
|C100|0|1|1|01|00|1|1645|35111052045697000110550010000016450000000000|20102011|20102011|1400,00|2|||1400,00|1||||1400,00|242,00||||23,10|93,90|||
|C140|1|00||0001645|1|1400,00|
|C141|1|20102011|1400,00|
|C170|1|40T||20,00000|KG|400,00||0|000|1101|1112|400,00|18,00|72,00|0,00|0,00|0,00|0|01|||0,00||01|400,00|1,6500|0,000|0,0000|6,60|01|400,00|7,6000|0,000|0,0000|30,40|112510100000101|0,00|
|C170|2|40T||10,00000|KG|1000,00||0|000|1101|111A|1000,00|17,00|170,00|0,00|0,00|0,00|0|01|||0,00||01|1000,00|1,6500|0,000|0,0000|16,50|01|1000,00|6,3500|0,000|0,0000|63,50|112510100000101|0,00|
|C190|000|1101|17,00|1000,00|1000,00|170,00|0,00|0,00|0,00|0,00||
|C190|000|1101|18,00|400,00|400,00|72,00|0,00|0,00|0,00|0,00||
|C100|1|0|1|01|00|1|80008||20102011||1915,90|0|174,10||2090,00|1||||1915,90|478,98||||31,61|145,61|||
|C110|1||
|C160|||0|592,24|557,45||
|C170|1|40T|ITEM CONTROLE TOTAL|6,00000|KG|660,00|54,98|0|000|6109|611-13|605,02|25,00|151,26|0,00|0,00|0,00|0|51|||0,00||01|605,02|1,6500|0,000|0,0000|9,98|01|605,02|7,6000|0,000|0,0000|45,98|112110500000105|0,00|
|C170|2|40T|ITEM CONTROLE TOTAL|13,00000|KG|1430,00|119,12|0|000|6109|611-IE|1310,88|25,00|327,72|0,00|0,00|0,00|0|51|||0,00||01|1310,88|1,6500|0,000|0,0000|21,63|01|1310,88|7,6000|0,000|0,0000|99,63|112110500000105|0,00|
|C190|000|6109|25,00|1915,90|1915,90|478,98|0,00|0,00|0,00|0,00||
|C100|0|1|1|01|00|1|80009||20102011|20102011|0,00|2|83,30||1000,00|1|||||||||||||
|C170|1|40T|ITEM CONTROLE TOTAL|10,00000|KG|1000,00|83,30|1|090|1101|111A|0,00|25,00|0,00|0,00|0,00|0,00|0|49|||0,00||99|0,00|1,6500|0,000|0,0000||99|0,00|6,3500|0,000|0,0000|||0,00|
|C190|090|1101|25,00|0,00|0,00|0,00|0,00|0,00|0,00|0,00||
|C990|18|
|D001|1|
|D990|2|
|E001|0|
|E100|01102011|31102011|
|E110|478,98|0,00|0,00|0,00|242,00|0,00|0,00|0,00|0,00|236,98|0,00|236,98|0,00|0,00|
|E200|CE|01102011|31102011|
|E210|0|0,00|0,00|0,00|0,00|0,00|0,00|0,00|0,00|0,00|0,00|0,00|0,00|0,00|
|E200|MG|01102011|31102011|
|E210|0|0,00|0,00|0,00|0,00|0,00|0,00|0,00|0,00|0,00|0,00|0,00|0,00|0,00|
|E200|MS|01102011|31102011|
|E210|0|0,00|0,00|0,00|0,00|0,00|0,00|0,00|0,00|0,00|0,00|0,00|0,00|0,00|
|E200|MT|01102011|31102011|
|E210|0|0,00|0,00|0,00|0,00|0,00|0,00|0,00|0,00|0,00|0,00|0,00|0,00|0,00|
|E200|RJ|01102011|31102011|
|E210|0|0,00|0,00|0,00|0,00|0,00|0,00|0,00|0,00|0,00|0,00|0,00|0,00|0,00|
|E200|RS|01102011|31102011|
|E210|0|0,00|0,00|0,00|0,00|0,00|0,00|0,00|0,00|0,00|0,00|0,00|0,00|0,00|
|E200|SC|01102011|31102011|
|E210|0|0,00|0,00|0,00|0,00|0,00|0,00|0,00|0,00|0,00|0,00|0,00|0,00|0,00|
|E200|SP|01102011|31102011|
|E210|0|0,00|0,00|0,00|0,00|0,00|0,00|0,00|0,00|0,00|0,00|0,00|0,00|0,00|
|E300|CE|01102011|31102011|
|E310|0|0,00|0,00|0,00|0,00|0,00|0,00|0,00|0,00|0,00|0,00|0,00|0,00|0,00|0,00|0,00|0,00|0,00|0,00|0,00|0,00|
|E300|MG|01102011|31102011|
|E310|0|0,00|0,00|0,00|0,00|0,00|0,00|0,00|0,00|0,00|0,00|0,00|0,00|0,00|0,00|0,00|0,00|0,00|0,00|0,00|0,00|
|E300|MS|01102011|31102011|
|E310|0|0,00|0,00|0,00|0,00|0,00|0,00|0,00|0,00|0,00|0,00|0,00|0,00|0,00|0,00|0,00|0,00|0,00|0,00|0,00|0,00|
|E300|MT|01102011|31102011|
|E310|0|0,00|0,00|0,00|0,00|0,00|0,00|0,00|0,00|0,00|0,00|0,00|0,00|0,00|0,00|0,00|0,00|0,00|0,00|0,00|0,00|
|E300|RJ|01102011|31102011|
|E310|0|0,00|0,00|0,00|0,00|0,00|0,00|0,00|0,00|0,00|0,00|0,00|0,00|0,00|0,00|0,00|0,00|0,00|0,00|0,00|0,00|
|E300|RS|01102011|31102011|
|E310|0|0,00|0,00|0,00|0,00|0,00|0,00|0,00|0,00|0,00|0,00|0,00|0,00|0,00|0,00|0,00|0,00|0,00|0,00|0,00|0,00|
|E300|SC|01102011|31102011|
|E310|0|0,00|0,00|0,00|0,00|0,00|0,00|0,00|0,00|0,00|0,00|0,00|0,00|0,00|0,00|0,00|0,00|0,00|0,00|0,00|0,00|
|E300|SP|01102011|31102011|
|E310|0|0,00|0,00|0,00|0,00|0,00|0,00|0,00|0,00|0,00|0,00|0,00|0,00|0,00|0,00|0,00|0,00|0,00|0,00|0,00|0,00|
|E500|0|01102011|31102011|
|E510|1101|01|1400,00|0,00|0,00|
|E510|1101|49|0,00|0,00|0,00|
|E510|6109|51|1915,90|0,00|0,00|
|E520|0,00|0,00|0,00|0,00|0,00|0,00|0,00|
|E990|41|
|G001|1|
|G990|2|
|H001|1|
|H990|2|
|K001|1|
|K990|2|
|1001|0|
|1010|N|N|N|N|S|N|N|N|N|N|N|N|
|1990|3|
|9001|0|
|9900|0000|1|
|9900|0001|1|
|9900|0005|1|
|9900|0015|8|
|9900|0100|1|
|9900|0150|1|
|9900|0190|1|
|9900|0200|1|
|9900|0400|4|
|9900|0450|1|
|9900|0990|1|
|9900|C001|1|
|9900|C100|3|
|9900|C110|1|
|9900|C140|1|
|9900|C141|1|
|9900|C160|1|
|9900|C170|5|
|9900|C190|4|
|9900|C990|1|
|9900|D001|1|
|9900|D990|1|
|9900|E001|1|
|9900|E100|1|
|9900|E110|1|
|9900|E200|8|
|9900|E210|8|
|9900|E300|8|
|9900|E310|8|
|9900|E500|1|
|9900|E510|3|
|9900|E520|1|
|9900|E990|1|
|9900|G001|1|
|9900|G990|1|
|9900|H001|1|
|9900|H990|1|
|9900|K001|1|
|9900|K990|1|
|9900|1001|1|
|9900|1010|1|
|9900|1990|1|
|9900|9001|1|
|9900|9900|46|
|9900|9990|1|
|9900|9999|1|
|9990|49|
|9999|140|
