|0000|012|0|01102011|31102011|ESTABELECIMENTO TOTVS - N ALTERAR CONTAS|53113791001790||SC|255721161|4209102|85369||A|0|
|0001|0|
|0005|ESTABELECIMENTO TOTVS - N ALTERAR CONTAS|89218900|AV SANTOS DUMONT|831100||SANTO ANTONIO|4340229922|||
|0015|CE|062729608|
|0015|MG|0014673520009|
|0015|MS|282906380|
|0015|MT|134006453|
|0015|RJ|92012050|
|0015|RS|0963385577|
|0015|SC|256179301|
|0015|SP|438010070113|
|0100|CONTABILISTA NEW|79195806920|SC125|01905585000232|89200000|SANTOS DUMONT|831|FUNDOS|SANTO ANTONIO|4721210000|4721210000|CONTADOR2@TOTVS.COM.BR|4209102|
|0150|1|SASAZAKI INDUSTRIA E COMERCIO LTDA ACAO.|1058|52045697000110||438010070113|3529005||AV EUGENIO CONEGLIAN|10604||DISTR INDUSTRIAL|
|0190|KG|KILOGRAMA|
|0200|40T|ITEM CONTROLE TOTAL|||KG|90|73083000||73||15,00||
|0400|111A|COMPRA MATERIA PRIMA|
|0400|611-13|VENDA DE PRODUTOS FAVOR NAO ALTERAR|
|0400|611-IE|VENDA DE PRODUTOS FAVOR NAO ALTERAR|
|0450|1|ICMS ISENTO ANEXO I, ART 5* DO RICMS/00IPI ISENTO DEC 4544/2002, ART 105 DO RIPI/2002|
|0990|20|
|B001|1|
|B990|2|
|C001|0|
|C100|0|1|1|01|00|1|1645|35111052045697000110550010000016450000000000|20102011|20102011|1000,00|0|||1000,00|1||||1000,00|170,00||||16,50|63,50|||
|C170|1|40T||10,00000|KG|1000,00||0|000|1101|111A|1000,00|17,00|170,00|0,00|0,00|0,00|0|01|||0,00||01|1000,00|1,6500|0,000|0,0000|16,50|01|1000,00|6,3500|0,000|0,0000|63,50|112510100000101|0,00|
|C190|000|1101|17,00|1000,00|1000,00|170,00|0,00|0,00|0,00|0,00||
|C100|1|0|1|01|00|1|80008||20102011||1915,90|0|174,10||2090,00|1||||1915,90|478,98||||31,61|145,61|||
|C110|1||
|C160|||0|592,24|557,45||
|C170|1|40T|ITEM CONTROLE TOTAL|6,00000|KG|660,00|54,98|0|000|6109|611-13|605,02|25,00|151,26|0,00|0,00|0,00|0|51|||0,00||01|605,02|1,6500|0,000|0,0000|9,98|01|605,02|7,6000|0,000|0,0000|45,98|112110500000105|0,00|
|C170|2|40T|ITEM CONTROLE TOTAL|13,00000|KG|1430,00|119,12|0|000|6109|611-IE|1310,88|25,00|327,72|0,00|0,00|0,00|0|51|||0,00||01|1310,88|1,6500|0,000|0,0000|21,63|01|1310,88|7,6000|0,000|0,0000|99,63|112110500000105|0,00|
|C190|000|6109|25,00|1915,90|1915,90|478,98|0,00|0,00|0,00|0,00||
|C100|0|1|1|01|00|1|80009||20102011|20102011|0,00|2|83,30||1000,00|1|||||||||||||
|C170|1|40T|ITEM CONTROLE TOTAL|10,00000|KG|1000,00|83,30|1|090|1101|111A|0,00|25,00|0,00|0,00|0,00|0,00|0|49|||0,00||99|0,00|1,6500|0,000|0,0000||99|0,00|6,3500|0,000|0,0000|||0,00|
|C190|090|1101|25,00|0,00|0,00|0,00|0,00|0,00|0,00|0,00||
|C990|14|
|D001|1|
|D990|2|
|E001|0|
|E100|01102011|31102011|
|E110|478,98|0,00|0,00|0,00|170,00|0,00|0,00|0,00|0,00|308,98|0,00|308,98|0,00|0,00|
|E200|CE|01102011|31102011|
|E210|0|0,00|0,00|0,00|0,00|0,00|0,00|0,00|0,00|0,00|0,00|0,00|0,00|0,00|
|E200|MG|01102011|31102011|
|E210|0|0,00|0,00|0,00|0,00|0,00|0,00|0,00|0,00|0,00|0,00|0,00|0,00|0,00|
|E200|MS|01102011|31102011|
|E210|0|0,00|0,00|0,00|0,00|0,00|0,00|0,00|0,00|0,00|0,00|0,00|0,00|0,00|
|E200|MT|01102011|31102011|
|E210|0|0,00|0,00|0,00|0,00|0,00|0,00|0,00|0,00|0,00|0,00|0,00|0,00|0,00|
|E200|RJ|01102011|31102011|
|E210|0|0,00|0,00|0,00|0,00|0,00|0,00|0,00|0,00|0,00|0,00|0,00|0,00|0,00|
|E200|RS|01102011|31102011|
|E210|0|0,00|0,00|0,00|0,00|0,00|0,00|0,00|0,00|0,00|0,00|0,00|0,00|0,00|
|E200|SC|01102011|31102011|
|E210|0|0,00|0,00|0,00|0,00|0,00|0,00|0,00|0,00|0,00|0,00|0,00|0,00|0,00|
|E200|SP|01102011|31102011|
|E210|0|0,00|0,00|0,00|0,00|0,00|0,00|0,00|0,00|0,00|0,00|0,00|0,00|0,00|
|E300|CE|01102011|31102011|
|E310|0|0,00|0,00|0,00|0,00|0,00|0,00|0,00|0,00|0,00|0,00|0,00|0,00|0,00|0,00|0,00|0,00|0,00|0,00|0,00|0,00|
|E300|MG|01102011|31102011|
|E310|0|0,00|0,00|0,00|0,00|0,00|0,00|0,00|0,00|0,00|0,00|0,00|0,00|0,00|0,00|0,00|0,00|0,00|0,00|0,00|0,00|
|E300|MS|01102011|31102011|
|E310|0|0,00|0,00|0,00|0,00|0,00|0,00|0,00|0,00|0,00|0,00|0,00|0,00|0,00|0,00|0,00|0,00|0,00|0,00|0,00|0,00|
|E300|MT|01102011|31102011|
|E310|0|0,00|0,00|0,00|0,00|0,00|0,00|0,00|0,00|0,00|0,00|0,00|0,00|0,00|0,00|0,00|0,00|0,00|0,00|0,00|0,00|
|E300|RJ|01102011|31102011|
|E310|0|0,00|0,00|0,00|0,00|0,00|0,00|0,00|0,00|0,00|0,00|0,00|0,00|0,00|0,00|0,00|0,00|0,00|0,00|0,00|0,00|
|E300|RS|01102011|31102011|
|E310|0|0,00|0,00|0,00|0,00|0,00|0,00|0,00|0,00|0,00|0,00|0,00|0,00|0,00|0,00|0,00|0,00|0,00|0,00|0,00|0,00|
|E300|SC|01102011|31102011|
|E310|0|0,00|0,00|0,00|0,00|0,00|0,00|0,00|0,00|0,00|0,00|0,00|0,00|0,00|0,00|0,00|0,00|0,00|0,00|0,00|0,00|
|E300|SP|01102011|31102011|
|E310|0|0,00|0,00|0,00|0,00|0,00|0,00|0,00|0,00|0,00|0,00|0,00|0,00|0,00|0,00|0,00|0,00|0,00|0,00|0,00|0,00|
|E500|0|01102011|31102011|
|E510|1101|01|1400,00|0,00|0,00|
|E510|1101|49|0,00|0,00|0,00|
|E510|6109|51|1915,90|0,00|0,00|
|E520|0,00|0,00|0,00|0,00|0,00|0,00|0,00|
|E990|41|
|G001|1|
|G990|2|
|H001|1|
|H990|2|
|K001|1|
|K990|2|
|1001|0|
|1010|N|N|N|N|S|N|N|N|N|N|N|N|N|
|1960|01|10,00|5000,00|1520,00|1000,00|360,00|700,00|140,00|560,00|125,00|265,00|95,00|
|1960|02|16,36|1000,39|987,45|1000,96|236,99|100,36|200,40|0,00|10,11|210,51|26,48|
|1960|03|1255,00|0,00|600,00|1033,00|103,00|566,00|30,00|536,00|36,00|66,00|37,00|
|1960|09|1002,00|1263,00|3000,00|4690,00|5020,00|3601,00|1934,00|1667,00|2500,00|4434,00|586,00|
|1970|01|1223,00|100,00|364,00|336,00|478,00|303,00|12,00|4018,00|136,00|4006,00|
|1975|6,00|1560,00|1300,00|524,78|
|1975|10,00|15600,36|15000,42|2487,96|
|1975|23,00|13697,00|15000,00|3600,00|
|1970|02|1100,39|6359,48|122,47|600,99|57,89|1253,94|456,21|1976,57|1478,10|1520,36|
|1975|12,00|10000,00|12000,00|3478,65|
|1970|03|2500,00|364,00|1199,00|2248,00|133,00|4578,00|363,00|2730,00|100,00|2367,00|
|1975|12,00|23,00|212,00|671,00|
|1970|09|781,00|610,00|0,00|1236,00|125,00|42,00|0,00|6478,00|1446,00|6478,00|
|1975|4,00|1243,00|4256,00|412,00|
|1975|8,00|1361,00|4796,00|254,00|
|1980|01|10,00|12456,36|1215,36|1257,10|7895,36|147,12|978,45|120,12|100,15|220,27|758,18|1236,27|
|1980|02|3500,00|1260,00|780,00|641,00|263,00|1149,00|1397,00|2000,00|139,00|2139,00|0,00|2400,00|
|1980|03|12588,00|9785,00|3154,00|335,00|457,00|336,00|4500,00|500,00|2300,00|2800,00|1700,00|1587,00|
|1980|09|478,00|6545,00|42121,00|213278,00|33,00|2112,00|8790,00|121,00|24,00|145,00|8645,00|100,00|
|1990|22|
|9001|0|
|9900|0000|1|
|9900|0001|1|
|9900|0005|1|
|9900|0015|8|
|9900|0100|1|
|9900|0150|1|
|9900|0190|1|
|9900|0200|1|
|9900|0400|3|
|9900|0450|1|
|9900|0990|1|
|9900|B001|1|
|9900|B990|1|
|9900|C001|1|
|9900|C100|3|
|9900|C110|1|
|9900|C160|1|
|9900|C170|4|
|9900|C190|3|
|9900|C990|1|
|9900|D001|1|
|9900|D990|1|
|9900|E001|1|
|9900|E100|1|
|9900|E110|1|
|9900|E200|8|
|9900|E210|8|
|9900|E300|8|
|9900|E310|8|
|9900|E500|1|
|9900|E510|3|
|9900|E520|1|
|9900|E990|1|
|9900|G001|1|
|9900|G990|1|
|9900|H001|1|
|9900|H990|1|
|9900|K001|1|
|9900|K990|1|
|9900|1001|1|
|9900|1010|1|
|9900|1960|4|
|9900|1970|4|
|9900|1975|7|
|9900|1980|4|
|9900|1990|1|
|9900|9001|1|
|9900|9900|50|
|9900|9990|1|
|9900|9999|1|
|9990|53|
|9999|160|
