|0000|013|0|01022020|29022020|ESTABELECIMENTO TOTVS - N ALTERAR CONTAS|53113791001790||SC|255721161|4209102|85369||A|0|
|0001|0|
|0005|ESTABELECIMENTO TOTVS - N ALTERAR CONTAS|89218900|AV SANTOS DUMONT|831100||SANTO ANTONIO|4340229922|||
|0015|CE|062729608|
|0015|MG|0014673520009|
|0015|MS|282906380|
|0015|MT|134006453|
|0015|RJ|92012050|
|0015|RS|0963385577|
|0015|SC|256179301|
|0015|SP|438010070113|
|0100|CONTABILISTA NEW|79195806920|SC125|01905585000232|89200000|SANTOS DUMONT|831|FUNDOS|SANTO ANTONIO|4721210000|4721210000|CONTADOR2@TOTVS.COM.BR|4209102|
|0150|1|SASAZAKI INDUSTRIA E COMERCIO LTDA ACAO.|1058|52045697000110||438010070113|3529005||AV EUGENIO CONEGLIAN|10604||DISTR INDUSTRIAL|
|0190|KG|KILOGRAMA|
|0200|TQQCGQ|TESTE AUTOMACAO|||KG|90|73083000||73||15,00||
|0205||01012000|11022020|40T|
|0400|111A|COMPRA MATERIA PRIMA|
|0990|18|
|B001|0|
|B470|0,00|0,00|0,00|0,00|0,00|0,00|0,00|0,00|0,00|0,00|0,00|0,00|0,00|0,00|
|B990|3|
|C001|0|
|C100|0|1|1|01|00|1|1030||12022020|12022020|125,50|2|||125,50|0||||125,50|21,34||||||||
|C170|1|TQQCGQ||1,00000|KG|125,50||1|100|1101|111A|125,50|17,00|21,34|0,00|0,00|0,00|0|49||125,50|0,00||08|||0,000|0,0000||08|||0,000|0,0000|||0,00|
|C190|100|1101|17,00|125,50|125,50|21,34|0,00|0,00|0,00|0,00||
|C990|5|
|D001|1|
|D990|2|
|E001|0|
|E100|01022020|29022020|
|E110|0,00|0,00|0,00|0,00|21,34|0,00|0,00|0,00|0,00|0,00|0,00|0,00|21,34|0,00|
|E200|CE|01022020|29022020|
|E210|0|0,00|0,00|0,00|0,00|0,00|0,00|0,00|0,00|0,00|0,00|0,00|0,00|0,00|
|E200|MG|01022020|29022020|
|E210|0|0,00|0,00|0,00|0,00|0,00|0,00|0,00|0,00|0,00|0,00|0,00|0,00|0,00|
|E200|MS|01022020|29022020|
|E210|0|0,00|0,00|0,00|0,00|0,00|0,00|0,00|0,00|0,00|0,00|0,00|0,00|0,00|
|E200|MT|01022020|29022020|
|E210|0|0,00|0,00|0,00|0,00|0,00|0,00|0,00|0,00|0,00|0,00|0,00|0,00|0,00|
|E200|RJ|01022020|29022020|
|E210|0|0,00|0,00|0,00|0,00|0,00|0,00|0,00|0,00|0,00|0,00|0,00|0,00|0,00|
|E200|RS|01022020|29022020|
|E210|0|0,00|0,00|0,00|0,00|0,00|0,00|0,00|0,00|0,00|0,00|0,00|0,00|0,00|
|E200|SC|01022020|29022020|
|E210|0|0,00|0,00|0,00|0,00|0,00|0,00|0,00|0,00|0,00|0,00|0,00|0,00|0,00|
|E200|SP|01022020|29022020|
|E210|0|0,00|0,00|0,00|0,00|0,00|0,00|0,00|0,00|0,00|0,00|0,00|0,00|0,00|
|E300|CE|01022020|29022020|
|E310|0|0,00|0,00|0,00|0,00|0,00|0,00|0,00|0,00|0,00|0,00|0,00|0,00|0,00|0,00|0,00|0,00|0,00|0,00|0,00|0,00|
|E300|MG|01022020|29022020|
|E310|0|0,00|0,00|0,00|0,00|0,00|0,00|0,00|0,00|0,00|0,00|0,00|0,00|0,00|0,00|0,00|0,00|0,00|0,00|0,00|0,00|
|E300|MS|01022020|29022020|
|E310|0|0,00|0,00|0,00|0,00|0,00|0,00|0,00|0,00|0,00|0,00|0,00|0,00|0,00|0,00|0,00|0,00|0,00|0,00|0,00|0,00|
|E300|MT|01022020|29022020|
|E310|0|0,00|0,00|0,00|0,00|0,00|0,00|0,00|0,00|0,00|0,00|0,00|0,00|0,00|0,00|0,00|0,00|0,00|0,00|0,00|0,00|
|E300|RJ|01022020|29022020|
|E310|0|0,00|0,00|0,00|0,00|0,00|0,00|0,00|0,00|0,00|0,00|0,00|0,00|0,00|0,00|0,00|0,00|0,00|0,00|0,00|0,00|
|E300|RS|01022020|29022020|
|E310|0|0,00|0,00|0,00|0,00|0,00|0,00|0,00|0,00|0,00|0,00|0,00|0,00|0,00|0,00|0,00|0,00|0,00|0,00|0,00|0,00|
|E300|SC|01022020|29022020|
|E310|0|0,00|0,00|0,00|0,00|0,00|0,00|0,00|0,00|0,00|0,00|0,00|0,00|0,00|0,00|0,00|0,00|0,00|0,00|0,00|0,00|
|E300|SP|01022020|29022020|
|E310|0|0,00|0,00|0,00|0,00|0,00|0,00|0,00|0,00|0,00|0,00|0,00|0,00|0,00|0,00|0,00|0,00|0,00|0,00|0,00|0,00|
|E500|0|01022020|29022020|
|E510|1101|49|125,50|125,50|0,00|
|E520|0,00|0,00|0,00|0,00|0,00|0,00|0,00|
|E990|39|
|G001|1|
|G990|2|
|H001|1|
|H990|2|
|K001|1|
|K990|2|
|1001|0|
|1010|N|N|N|N|N|N|N|N|N|N|N|N|N|
|1990|3|
|9001|0|
|9900|0000|1|
|9900|0001|1|
|9900|0005|1|
|9900|0015|8|
|9900|0100|1|
|9900|0150|1|
|9900|0190|1|
|9900|0200|1|
|9900|0205|1|
|9900|0400|1|
|9900|0990|1|
|9900|B001|1|
|9900|B470|1|
|9900|B990|1|
|9900|C001|1|
|9900|C100|1|
|9900|C170|1|
|9900|C190|1|
|9900|C990|1|
|9900|D001|1|
|9900|D990|1|
|9900|E001|1|
|9900|E100|1|
|9900|E110|1|
|9900|E200|8|
|9900|E210|8|
|9900|E300|8|
|9900|E310|8|
|9900|E500|1|
|9900|E510|1|
|9900|E520|1|
|9900|E990|1|
|9900|G001|1|
|9900|G990|1|
|9900|H001|1|
|9900|H990|1|
|9900|K001|1|
|9900|K990|1|
|9900|1001|1|
|9900|1010|1|
|9900|1990|1|
|9900|9001|1|
|9900|9900|45|
|9900|9990|1|
|9900|9999|1|
|9990|48|
|9999|124|
