|0000|009|0|01012011|31012011|ESTABELECIMENTO TOTVS - N ALTERAR CONTAS|53113791001790||SC|255721161|4209102|85369||A|0|
|0001|0|
|0005|ESTABELECIMENTO TOTVS - N ALTERAR CONTAS|89218900|AV SANTOS DUMONT|831100||SANTO ANTONIO|4340229922|||
|0015|CE|062729608|
|0015|MG|0014673520009|
|0015|MS|282906380|
|0015|MT|134006453|
|0015|RJ|92012050|
|0015|RS|0963385577|
|0015|SC|256179301|
|0015|SP|438010070113|
|0100|CONTABILISTA NEW|79195806920|124528|01905585000232|89200000|RUA 1|2||BAIRRO|4721210000|4721210000||4209102|
|0150|1438010070113|SASAZAKI INDUSTRIA E COMERCIO LTDA ACAO.|1058|52045697000110||438010070113|3529005||AV EUGENIO CONEGLIAN|10604||DISTR INDUSTRIAL|
|0190|PC|PECA|
|0200|DD|MATERIAL D.DIRETO - TRIBUTADO|||PC|07|||||0,00|
|0300|1|1|BEM 1|||48|
|0305||BEM 1|48|
|0300|2|1|BEM 2|||48|
|0305||BEM 2|48|
|0300|3|1|BEM 3|||48|
|0305||BEM 3|48|
|0300|4|1|BEM 4|||48|
|0305||BEM 4|48|
|0300|41|1|TESTE AUTOMACAO|||48|
|0305||TESTE AUTOMACAO|5|
|0300|42|1|TESTE AUTOMACAO1|||36|
|0305||TESTE AUTOMACAO1|36|
|0300|43|1|TESTE AUTOMACAO1|||36|
|0305||TESTE AUTOMACAO1|36|
|0300|49|1|OPTIPLEX 7010|||48|
|0305||OPTIPLEX 7010|48|
|0300|5|1|BEM 5|||48|
|0305||BEM 5|48|
|0300|53|1|TESTE AUTOMACAO1|||36|
|0305||TESTE AUTOMACAO1|36|
|0500|01011800|00|S|0|||
|0600|01011800|||
|0990|38|
|C001|1|
|C990|2|
|D001|1|
|D990|2|
|E001|0|
|E100|01012011|31012011|
|E110|0,00|0,00|0,00|0,00|0,00|0,00|0,00|0,00|0,00|0,00|0,00|0,00|0,00|0,00|
|E200|CE|01012011|31012011|
|E210|0|0,00|0,00|0,00|0,00|0,00|0,00|0,00|0,00|0,00|0,00|0,00|0,00|0,00|
|E200|MG|01012011|31012011|
|E210|0|0,00|0,00|0,00|0,00|0,00|0,00|0,00|0,00|0,00|0,00|0,00|0,00|0,00|
|E200|MS|01012011|31012011|
|E210|0|0,00|0,00|0,00|0,00|0,00|0,00|0,00|0,00|0,00|0,00|0,00|0,00|0,00|
|E200|MT|01012011|31012011|
|E210|0|0,00|0,00|0,00|0,00|0,00|0,00|0,00|0,00|0,00|0,00|0,00|0,00|0,00|
|E200|RJ|01012011|31012011|
|E210|0|0,00|0,00|0,00|0,00|0,00|0,00|0,00|0,00|0,00|0,00|0,00|0,00|0,00|
|E200|RS|01012011|31012011|
|E210|0|0,00|0,00|0,00|0,00|0,00|0,00|0,00|0,00|0,00|0,00|0,00|0,00|0,00|
|E200|SC|01012011|31012011|
|E210|0|0,00|0,00|0,00|0,00|0,00|0,00|0,00|0,00|0,00|0,00|0,00|0,00|0,00|
|E200|SP|01012011|31012011|
|E210|0|0,00|0,00|0,00|0,00|0,00|0,00|0,00|0,00|0,00|0,00|0,00|0,00|0,00|
|E300|CE|01012011|31012011|
|E310|0|0,00|0,00|0,00|0,00|0,00|0,00|0,00|0,00|0,00|0,00|0,00|0,00|0,00|0,00|0,00|0,00|0,00|0,00|0,00|0,00|
|E300|MG|01012011|31012011|
|E310|0|0,00|0,00|0,00|0,00|0,00|0,00|0,00|0,00|0,00|0,00|0,00|0,00|0,00|0,00|0,00|0,00|0,00|0,00|0,00|0,00|
|E300|MS|01012011|31012011|
|E310|0|0,00|0,00|0,00|0,00|0,00|0,00|0,00|0,00|0,00|0,00|0,00|0,00|0,00|0,00|0,00|0,00|0,00|0,00|0,00|0,00|
|E300|MT|01012011|31012011|
|E310|0|0,00|0,00|0,00|0,00|0,00|0,00|0,00|0,00|0,00|0,00|0,00|0,00|0,00|0,00|0,00|0,00|0,00|0,00|0,00|0,00|
|E300|RJ|01012011|31012011|
|E310|0|0,00|0,00|0,00|0,00|0,00|0,00|0,00|0,00|0,00|0,00|0,00|0,00|0,00|0,00|0,00|0,00|0,00|0,00|0,00|0,00|
|E300|RS|01012011|31012011|
|E310|0|0,00|0,00|0,00|0,00|0,00|0,00|0,00|0,00|0,00|0,00|0,00|0,00|0,00|0,00|0,00|0,00|0,00|0,00|0,00|0,00|
|E300|SC|01012011|31012011|
|E310|0|0,00|0,00|0,00|0,00|0,00|0,00|0,00|0,00|0,00|0,00|0,00|0,00|0,00|0,00|0,00|0,00|0,00|0,00|0,00|0,00|
|E300|SP|01012011|31012011|
|E310|0|0,00|0,00|0,00|0,00|0,00|0,00|0,00|0,00|0,00|0,00|0,00|0,00|0,00|0,00|0,00|0,00|0,00|0,00|0,00|0,00|
|E500|0|01012011|31012011|
|E520|0,00|0,00|0,00|0,00|0,00|0,00|0,00|
|E990|38|
|G001|0|
|G110|01012011|31012011|6720,00|182,08|1,00|1,00|1,00000000|182,08|0,00|
|G125|1|01012011|SI|480,00||||25|10,00|
|G125|2|01012011|SI|480,00||||19|10,00|
|G125|3|01012011|SI|480,00||||13|10,00|
|G125|4|01012011|SI|480,00||||7|10,00|
|G125|41|01012011|IM|100,00||||1|2,08|
|G130|1|1438010070113|01|1|1||01012011|
|G140|1|DD|
|G125|42|01012011|IM|360,00||||1|10,00|
|G130|1|1438010070113|01|1|1||01012011|
|G140|1|DD|
|G125|43|01012011|IM|360,00||||1|10,00|
|G130|1|1438010070113|01|1|1||01012011|
|G140|1|DD|
|G125|49|01012011|SI|4800,00||||45|100,00|
|G125|5|01012011|IM|480,00||||1|10,00|
|G125|53|01012011|IM|360,00||||1|10,00|
|G130|1|1438010070113|01|1|1||01012011|
|G140|1|DD|
|G990|21|
|H001|1|
|H990|2|
|K001|1|
|K990|2|
|1001|0|
|1010|N|N|N|N|N|N|N|N|N|
|1990|3|
|9001|0|
|9900|0000|1|
|9900|0001|1|
|9900|0005|1|
|9900|0015|8|
|9900|0100|1|
|9900|0150|1|
|9900|0190|1|
|9900|0200|1|
|9900|0300|10|
|9900|0305|10|
|9900|0500|1|
|9900|0600|1|
|9900|0990|1|
|9900|C001|1|
|9900|C990|1|
|9900|D001|1|
|9900|D990|1|
|9900|E001|1|
|9900|E100|1|
|9900|E110|1|
|9900|E200|8|
|9900|E210|8|
|9900|E300|8|
|9900|E310|8|
|9900|E500|1|
|9900|E520|1|
|9900|E990|1|
|9900|G001|1|
|9900|G110|1|
|9900|G125|10|
|9900|G130|4|
|9900|G140|4|
|9900|G990|1|
|9900|H001|1|
|9900|H990|1|
|9900|K001|1|
|9900|K990|1|
|9900|1001|1|
|9900|1010|1|
|9900|1990|1|
|9900|9001|1|
|9900|9900|44|
|9900|9990|1|
|9900|9999|1|
|9990|47|
|9999|155|
