|0000|009|0|01082011|31082011|ESTAB 10000 NAO EXCLUIR|03483185000120||SP|255119682|3550308|85369||A|1|
|0001|0|
|0005|ESTAB 10000 NAO EXCLUIR|89218900|AV SANTOS DUMONT|831||SANTO ANTONIO|4340229922|||
|0150|12704|NICOM COMERC MATS PARA CONSTRUCOES LTDA|1058|60403110000207||112787846111|3550308||RUA ATICA|49||BROOKLIN|
|0150|40001|CARREFOUR COM IND S/A|1058|45543915003601||645179237110|3549904||AV CASSIANO RICARDO|1838||JD ALVORADA|
|0150|90000034|ROBERTO CLEMENTE ANDRADE|1058||04175080856||4101804||RUA DOM PEDRO I|NR 1056||SERTAOZINHO|
|0150|90000035|MARIO AMADOR|1058||70041822234||4105805||RUA EUGENIO|NR 22||GREGORIO|
|0175|17082011|03|MARIO DOS REIS AMADO XXXUUUUOOOOPPPP223|
|0175|17082011|10|RUA PITANGUI|
|0175|17082011|11|NR. 10|
|0175|17082011|13|JARDINS|
|0150|9179|CONSTRUMARQUES JAU MATS CONSTR LTDA|1058|33040122000160|||3304557||AV DO CAFE|632||V NETINHO|
|0190|KG|KILOGRAMA|
|0190|PC|PECA|
|0200|.COMPRASDD|.COMPRAS DEBITO DIRETO - PROJETO 87|||PC|01|73089090||73||10,00|
|0200|13T|ITEM CONTROLE TOTAL|||KG|90|11081200||11||10,00|
|0200|DD|MATERIAL D.DIRETO - TRIBUTADO|||PC|07|||||0,00|
|0200|MILHO|MILHO EM GRAOS A GRANEL - ORIGINACAO DE GRAOS|||KG|90|34031900||34||0,00|
|0200|SOJA|SOJA EM GRAOS A GRANEL - ORIGINACAO DE GRAOS|||KG|90|34031900||34||0,00|
|0400|11111|COMPRA DE INSUMOS|
|0400|210201|GRS-COMPRA - IMPNOTA - FE|
|0400|210203|GRS-COMPL PRECO COMPRA-IMPNOTA-FE|
|0400|5111ST|VENDA DE PRODUTOS-ST|
|0990|24|
|C001|0|
|C100|0|1|12704|01|00|1|1433||26082011|26082011|1166,55|0|||0,00|1||||1111,00|188,87|||55,55|||||
|C170|1|.COMPRASDD||1,00000|PC|0,00||0|100|1101|11111|1111,00|17,00|188,87|0,00|0,00|0,00|0|00||1111,00|5,00|55,55|07|0,00||0,000|0,0000||07|0,00||0,000|0,0000||311311311315113|
|C190|100|1101|17,00|1166,55|1111,00|188,87|0,00|0,00|0,00|55,55||
|C100|1|0||01|02|5|9||||||||||||||||||||||
|C100|1|0|9179|01|00|5|10||02082011||1342,08|0|||0,00|2||||1342,08|228,15||||22,14|102,00|||
|C110|107129||
|C160|||1|374,05|352,07||
|C170|1|13T||12,00000|KG|0,00||0|010|5101|5111ST|1342,08|17,00|228,15|0,00|0,00|0,00|0|51|||0,00||01|1342,08||0,000|0,0000|22,14|01|1342,08||0,000|0,0000|102,00||
|C190|010|5101|17,00|1342,08|1342,08|228,15|0,00|0,00|0,00|0,00||
|C100|1|0|9179|01|00|5|11||03082011||1127,50|0|||0,00|2||||1127,50|191,68||||18,60|85,69|||
|C110|107130||
|C115|0|03483185000120|255119682||4209102|33040122000160|||4209102|
|C160|||1|311,70|293,39||
|C170|1|13T||10,00000|KG|0,00||0|010|5101|5111ST|1127,50|17,00|191,68|0,00|0,00|0,00|0|51|||0,00||01|1127,50||0,000|0,0000|18,60|01|1127,50||0,000|0,0000|85,69||
|C190|010|5101|17,00|1127,50|1127,50|191,68|0,00|0,00|0,00|0,00||
|C100|0|0||01|02|5|16||||||||||||||||||||||
|C100|0|0||01|02|5|17||||||||||||||||||||||
|C100|0|0||01|02|5|18||||||||||||||||||||||
|C100|0|0|90000035|01|00|5|19||12082011|12082011|2945,00|0|||0,00|1|||||||||||||
|C170|1|MILHO||1,00000|KG|0,00||0|040|0000|210201|0,00|0,00|0,00|0,00|0,00|0,00|0|02|||0,00||07|0,00||0,000|0,0000||07|0,00||0,000|0,0000||112505000000050|
|C190|040|0000|0,00|2945,00|0,00|0,00|0,00|0,00|0,00|0,00||
|C100|0|0|90000035|01|00|5|21||17082011|17082011|155,00|0|||0,00|1|||||||||||||
|C170|1|MILHO||1,00000|KG|0,00||0|040|2102|210203|0,00|0,00|0,00|0,00|0,00|0,00|0|02|||0,00||07|0,00||0,000|0,0000||07|0,00||0,000|0,0000||112505000000050|
|C190|040|2102|0,00|155,00|0,00|0,00|0,00|0,00|0,00|0,00||
|C100|0|0|90000035|01|00|GRA|27||01082011|01082011|10175,00|0|||0,00|1|||||||||||||
|C170|1|MILHO||30000,00000|KG|0,00||0|040|0000|210201|0,00|0,00|0,00|0,00|0,00|0,00|0|02|||0,00||07|0,00||0,000|0,0000||07|0,00||0,000|0,0000||112505000000050|
|C190|040|0000|0,00|10175,00|0,00|0,00|0,00|0,00|0,00|0,00||
|C100|0|0|90000035|01|00|GRA|28||02082011|02082011|6783,33|0|||0,00|1|||||||||||||
|C170|1|MILHO||20000,00000|KG|0,00||0|040|0000|210201|0,00|0,00|0,00|0,00|0,00|0,00|0|02|||0,00||07|0,00||0,000|0,0000||07|0,00||0,000|0,0000||112505000000050|
|C190|040|0000|0,00|6783,33|0,00|0,00|0,00|0,00|0,00|0,00||
|C100|0|0|90000035|01|00|GRA|29||04082011|04082011|6783,33|0|||0,00|1|||||||||||||
|C170|1|MILHO||20000,00000|KG|0,00||0|040|0000|210201|0,00|0,00|0,00|0,00|0,00|0,00|0|02|||0,00||07|0,00||0,000|0,0000||07|0,00||0,000|0,0000||112505000000050|
|C190|040|0000|0,00|6783,33|0,00|0,00|0,00|0,00|0,00|0,00||
|C100|0|0|90000035|01|00|GRA|30||04082011|04082011|6783,33|0|||0,00|1|||||||||||||
|C170|1|MILHO||20000,00000|KG|0,00||0|040|0000|210201|0,00|0,00|0,00|0,00|0,00|0,00|0|02|||0,00||07|0,00||0,000|0,0000||07|0,00||0,000|0,0000||112505000000050|
|C190|040|0000|0,00|6783,33|0,00|0,00|0,00|0,00|0,00|0,00||
|C100|0|0|90000035|01|00|GRA|31||04082011|04082011|6783,33|0|||0,00|1|||||||||||||
|C170|1|MILHO||20000,00000|KG|0,00||0|040|0000|210201|0,00|0,00|0,00|0,00|0,00|0,00|0|02|||0,00||07|0,00||0,000|0,0000||07|0,00||0,000|0,0000||112505000000050|
|C190|040|0000|0,00|6783,33|0,00|0,00|0,00|0,00|0,00|0,00||
|C100|0|0|90000035|01|00|GRA|32||05082011|05082011|6783,33|0|||0,00|1|||||||||||||
|C170|1|MILHO||20000,00000|KG|0,00||0|040|0000|210201|0,00|0,00|0,00|0,00|0,00|0,00|0|02|||0,00||07|0,00||0,000|0,0000||07|0,00||0,000|0,0000||112505000000050|
|C190|040|0000|0,00|6783,33|0,00|0,00|0,00|0,00|0,00|0,00||
|C100|0|0|90000035|01|00|GRA|33||08082011|08082011|16958,33|0|||0,00|1|||||||||||||
|C170|1|MILHO||50000,00000|KG|0,00||0|040|0000|210201|0,00|0,00|0,00|0,00|0,00|0,00|0|02|||0,00||07|0,00||0,000|0,0000||07|0,00||0,000|0,0000||112505000000050|
|C190|040|0000|0,00|16958,33|0,00|0,00|0,00|0,00|0,00|0,00||
|C100|0|0|90000035|01|00|GRA|34||09082011|09082011|16958,33|0|||0,00|1|||||||||||||
|C170|1|MILHO||50000,00000|KG|0,00||0|040|0000|210201|0,00|0,00|0,00|0,00|0,00|0,00|0|02|||0,00||07|0,00||0,000|0,0000||07|0,00||0,000|0,0000||112505000000050|
|C190|040|0000|0,00|16958,33|0,00|0,00|0,00|0,00|0,00|0,00||
|C100|0|0|90000035|01|00|GRA|35||10082011|10082011|6783,33|0|||0,00|1|||||||||||||
|C170|1|MILHO||20000,00000|KG|0,00||0|040|0000|210201|0,00|0,00|0,00|0,00|0,00|0,00|0|02|||0,00||07|0,00||0,000|0,0000||07|0,00||0,000|0,0000||112505000000050|
|C190|040|0000|0,00|6783,33|0,00|0,00|0,00|0,00|0,00|0,00||
|C100|0|0|90000035|01|00|GRA|36||10082011|10082011|6783,33|0|||0,00|1|||||||||||||
|C170|1|MILHO||20000,00000|KG|0,00||0|040|0000|210201|0,00|0,00|0,00|0,00|0,00|0,00|0|02|||0,00||07|0,00||0,000|0,0000||07|0,00||0,000|0,0000||112505000000050|
|C190|040|0000|0,00|6783,33|0,00|0,00|0,00|0,00|0,00|0,00||
|C100|0|0|90000035|01|00|GRA|37||10082011|10082011|3391,67|0|||0,00|1|||||||||||||
|C170|1|MILHO||10000,00000|KG|0,00||0|040|0000|210201|0,00|0,00|0,00|0,00|0,00|0,00|0|02|||0,00||07|0,00||0,000|0,0000||07|0,00||0,000|0,0000||112505000000050|
|C190|040|0000|0,00|3391,67|0,00|0,00|0,00|0,00|0,00|0,00||
|C100|0|0||01|02|GRAOS|38||||||||||||||||||||||
|C100|0|0|90000035|01|00|GRA|39||11082011|11082011|244200,00|0|||0,00|1|||||||||||||
|C170|1|MILHO||12000,00000|KG|0,00||0|040|0000|210201|0,00|0,00|0,00|0,00|0,00|0,00|0|02|||0,00||07|0,00||0,000|0,0000||07|0,00||0,000|0,0000||112505000000050|
|C190|040|0000|0,00|244200,00|0,00|0,00|0,00|0,00|0,00|0,00||
|C100|0|0|90000035|01|00|GRA|40||15082011|15082011|678,33|0|||0,00|1|||||||||||||
|C170|1|MILHO||2000,00000|KG|0,00||0|040|0000|210201|0,00|0,00|0,00|0,00|0,00|0,00|0|02|||0,00||07|0,00||0,000|0,0000||07|0,00||0,000|0,0000||112505000000050|
|C190|040|0000|0,00|678,33|0,00|0,00|0,00|0,00|0,00|0,00||
|C100|0|0|90000035|01|00|GRA|41||15082011|15082011|1695,83|0|||0,00|1|||||||||||||
|C170|1|MILHO||5000,00000|KG|0,00||0|040|0000|210201|0,00|0,00|0,00|0,00|0,00|0,00|0|02|||0,00||07|0,00||0,000|0,0000||07|0,00||0,000|0,0000||112505000000050|
|C190|040|0000|0,00|1695,83|0,00|0,00|0,00|0,00|0,00|0,00||
|C100|0|0|90000035|01|00|GRA|42||15082011|15082011|1695,83|0|||0,00|1|||||||||||||
|C170|1|MILHO||5000,00000|KG|0,00||0|040|0000|210201|0,00|0,00|0,00|0,00|0,00|0,00|0|02|||0,00||07|0,00||0,000|0,0000||07|0,00||0,000|0,0000||112505000000050|
|C190|040|0000|0,00|1695,83|0,00|0,00|0,00|0,00|0,00|0,00||
|C100|0|0|90000034|01|00|GRA|43||19082011|19082011|6783,33|0|||0,00|1|||||||||||||
|C170|1|MILHO||20000,00000|KG|0,00||0|040|0000|210201|0,00|0,00|0,00|0,00|0,00|0,00|0|02|||0,00||07|0,00||0,000|0,0000||07|0,00||0,000|0,0000||112505000000050|
|C190|040|0000|0,00|6783,33|0,00|0,00|0,00|0,00|0,00|0,00||
|C100|0|0|90000034|01|00|GRA|44||19082011|19082011|6783,33|0|||0,00|1|||||||||||||
|C170|1|MILHO||20000,00000|KG|0,00||0|040|0000|210201|0,00|0,00|0,00|0,00|0,00|0,00|0|02|||0,00||07|0,00||0,000|0,0000||07|0,00||0,000|0,0000||112505000000050|
|C190|040|0000|0,00|6783,33|0,00|0,00|0,00|0,00|0,00|0,00||
|C100|0|0|90000034|01|00|GRA|45||19082011|19082011|11725,00|0|||0,00|1|||||||||||||
|C170|1|SOJA||17500,00000|KG|0,00||0|040|0000|210201|0,00|0,00|0,00|0,00|0,00|0,00|0|02|||0,00||07|0,00||0,000|0,0000||07|0,00||0,000|0,0000||112510100000101|
|C190|040|0000|0,00|11725,00|0,00|0,00|0,00|0,00|0,00|0,00||
|C100|0|0||01|02|GRAOS|46||||||||||||||||||||||
|C100|0|0|90000034|01|00|GRA|47||23082011|23082011|10175,00|0|||0,00|1|||||||||||||
|C170|1|MILHO||30000,00000|KG|0,00||0|040|0000|210201|0,00|0,00|0,00|0,00|0,00|0,00|0|02|||0,00||07|0,00||0,000|0,0000||07|0,00||0,000|0,0000||112505000000050|
|C190|040|0000|0,00|10175,00|0,00|0,00|0,00|0,00|0,00|0,00||
|C100|0|0|90000034|01|00|GRA|48||23082011|23082011|11870,83|0|||0,00|1|||||||||||||
|C170|1|MILHO||35000,00000|KG|0,00||0|040|0000|210201|0,00|0,00|0,00|0,00|0,00|0,00|0|02|||0,00||07|0,00||0,000|0,0000||07|0,00||0,000|0,0000||112505000000050|
|C190|040|0000|0,00|11870,83|0,00|0,00|0,00|0,00|0,00|0,00||
|C100|0|0|90000034|01|00|GRA|49||24082011|24082011|108,33|0|||0,00|1|||||||||||||
|C170|1|MILHO||1,00000|KG|0,00||0|040|2102|210203|0,00|0,00|0,00|0,00|0,00|0,00|0|02|||0,00||07|0,00||0,000|0,0000||07|0,00||0,000|0,0000||112505000000050|
|C190|040|2102|0,00|108,33|0,00|0,00|0,00|0,00|0,00|0,00||
|C100|0|0|90000034|01|00|GRA|50||24082011|24082011|1608,33|0|||0,00|1|||||||||||||
|C170|1|MILHO||1,00000|KG|0,00||0|040|2102|210203|0,00|0,00|0,00|0,00|0,00|0,00|0|02|||0,00||07|0,00||0,000|0,0000||07|0,00||0,000|0,0000||112505000000050|
|C190|040|2102|0,00|1608,33|0,00|0,00|0,00|0,00|0,00|0,00||
|C100|0|0||01|02|GRAOS|51||||||||||||||||||||||
|C100|0|0|90000034|01|00|GRA|52||24082011|24082011|10175,00|0|||0,00|1|||||||||||||
|C170|1|MILHO||30000,00000|KG|0,00||0|040|0000|210201|0,00|0,00|0,00|0,00|0,00|0,00|0|02|||0,00||07|0,00||0,000|0,0000||07|0,00||0,000|0,0000||112505000000050|
|C190|040|0000|0,00|10175,00|0,00|0,00|0,00|0,00|0,00|0,00||
|C100|0|0|90000034|01|00|GRA|53||24082011|24082011|441,67|0|||0,00|1|||||||||||||
|C170|1|MILHO||1,00000|KG|0,00||0|040|2102|210203|0,00|0,00|0,00|0,00|0,00|0,00|0|02|||0,00||07|0,00||0,000|0,0000||07|0,00||0,000|0,0000||112505000000050|
|C190|040|2102|0,00|441,67|0,00|0,00|0,00|0,00|0,00|0,00||
|C100|0|0|90000034|01|00|GRA|54||24082011|24082011|550,00|0|||0,00|1|||||||||||||
|C170|1|MILHO||1,00000|KG|0,00||0|040|2102|210203|0,00|0,00|0,00|0,00|0,00|0,00|0|02|||0,00||07|0,00||0,000|0,0000||07|0,00||0,000|0,0000||112505000000050|
|C190|040|2102|0,00|550,00|0,00|0,00|0,00|0,00|0,00|0,00||
|C100|0|0|90000034|01|00|GRA|55||24082011|24082011|10175,00|0|||0,00|1|||||||||||||
|C170|1|MILHO||30000,00000|KG|0,00||0|040|0000|210201|0,00|0,00|0,00|0,00|0,00|0,00|0|02|||0,00||07|0,00||0,000|0,0000||07|0,00||0,000|0,0000||112505000000050|
|C190|040|0000|0,00|10175,00|0,00|0,00|0,00|0,00|0,00|0,00||
|C100|0|0|90000034|01|00|GRA|56||24082011|24082011|275,00|0|||0,00|1|||||||||||||
|C170|1|MILHO||1,00000|KG|0,00||0|040|2102|210203|0,00|0,00|0,00|0,00|0,00|0,00|0|02|||0,00||07|0,00||0,000|0,0000||07|0,00||0,000|0,0000||112505000000050|
|C190|040|2102|0,00|275,00|0,00|0,00|0,00|0,00|0,00|0,00||
|C100|0|0|90000034|01|00|GRA|57||24082011|24082011|4216,67|0|||0,00|1|||||||||||||
|C170|1|MILHO||1,00000|KG|0,00||0|040|2102|210203|0,00|0,00|0,00|0,00|0,00|0,00|0|02|||0,00||07|0,00||0,000|0,0000||07|0,00||0,000|0,0000||112505000000050|
|C190|040|2102|0,00|4216,67|0,00|0,00|0,00|0,00|0,00|0,00||
|C100|0|0|90000034|01|00|GRA|58||24082011|24082011|10175,00|1|||0,00|1|||||||||||||
|C140|0|00||0000058|1|523694,12|
|C141|1|25082011|10175,00|
|C170|1|MILHO||30000,00000|KG|0,00||0|040|0000|210201|0,00|0,00|0,00|0,00|0,00|0,00|0|02|||0,00||07|0,00||0,000|0,0000||07|0,00||0,000|0,0000||112505000000050|
|C190|040|0000|0,00|10175,00|0,00|0,00|0,00|0,00|0,00|0,00||
|C100|0|0|90000034|01|00|GRA|59||24082011|24082011|16958,33|1|||0,00|1|||||||||||||
|C140|0|00||0000059|1|540652,45|
|C141|1|25082011|16958,33|
|C170|1|MILHO||50000,00000|KG|0,00||0|040|0000|210201|0,00|0,00|0,00|0,00|0,00|0,00|0|02|||0,00||07|0,00||0,000|0,0000||07|0,00||0,000|0,0000||112505000000050|
|C190|040|0000|0,00|16958,33|0,00|0,00|0,00|0,00|0,00|0,00||
|C100|0|0|90000034|01|00|GRA|60||25082011|25082011|33500,00|0|||0,00|1|||||||||||||
|C170|1|SOJA||50000,00000|KG|0,00||0|040|0000|210201|0,00|0,00|0,00|0,00|0,00|0,00|0|02|||0,00||07|0,00||0,000|0,0000||07|0,00||0,000|0,0000||112510100000101|
|C190|040|0000|0,00|33500,00|0,00|0,00|0,00|0,00|0,00|0,00||
|C100|0|0|90000034|01|00|GRA|61||26082011|26082011|15262,50|0|||0,00|1|||||||||||||
|C170|1|MILHO||45000,00000|KG|0,00||0|040|0000|210201|0,00|0,00|0,00|0,00|0,00|0,00|0|02|||0,00||07|0,00||0,000|0,0000||07|0,00||0,000|0,0000||112505000000050|
|C190|040|0000|0,00|15262,50|0,00|0,00|0,00|0,00|0,00|0,00||
|C100|0|0|90000034|01|00|GRA|62||30082011|30082011|15262,50|0|||0,00|1|||||||||||||
|C170|1|MILHO||45000,00000|KG|0,00||0|040|0000|210201|0,00|0,00|0,00|0,00|0,00|0,00|0|02|||0,00||07|0,00||0,000|0,0000||07|0,00||0,000|0,0000||112505000000050|
|C190|040|0000|0,00|15262,50|0,00|0,00|0,00|0,00|0,00|0,00||
|C100|0|0|90000034|01|00|GRA|63||30082011|30082011|0,01|0|||0,00|1|||||||||||||
|C170|1|MILHO||1,00000|KG|0,00||0|040|2102|210203|0,00|0,00|0,00|0,00|0,00|0,00|0|02|||0,00||07|0,00||0,000|0,0000||07|0,00||0,000|0,0000||112505000000050|
|C190|040|2102|0,00|0,01|0,00|0,00|0,00|0,00|0,00|0,00||
|C100|0|0|90000034|01|00|GRA|64||30082011|30082011|8479,17|0|||0,00|1|||||||||||||
|C170|1|MILHO||25000,00000|KG|0,00||0|040|0000|210201|0,00|0,00|0,00|0,00|0,00|0,00|0|02|||0,00||07|0,00||0,000|0,0000||07|0,00||0,000|0,0000||112505000000050|
|C190|040|0000|0,00|8479,17|0,00|0,00|0,00|0,00|0,00|0,00||
|C100|0|1|40001|01|00|UN|180810||18082011|18082011|0,00|1|||0,00|1|||||||||||||
|C140|1|00||0180810|1|395161,63|
|C141|1|17092011|0,00|
|C170|1|DD||10,00000|PC|0,00||0|090|1101|11111|0,00|18,00|0,00|0,00|0,00|0,00|0|03|||0,00||07|0,00||0,000|0,0000||07|0,00||0,000|0,0000||311311311315113|
|C190|090|1101|18,00|0,00|0,00|0,00|0,00|0,00|0,00|0,00||
|C990|143|
|D001|1|
|D990|2|
|E001|0|
|E100|01082011|31082011|
|E110|419,83|0,00|0,00|0,00|188,87|0,00|0,00|0,00|0,00|230,96|0,00|230,96|0,00|0,00|
|E200|PR|01082011|31082011|
|E210|0|0,00|0,00|0,00|0,00|0,00|0,00|0,00|0,00|0,00|0,00|0,00|0,00|0,00|
|E200|SC|01082011|31082011|
|E210|0|0,00|0,00|0,00|0,00|0,00|0,00|0,00|0,00|0,00|0,00|0,00|0,00|0,00|
|E200|SP|01082011|31082011|
|E210|0|0,00|0,00|0,00|0,00|0,00|0,00|0,00|0,00|0,00|0,00|0,00|0,00|0,00|
|E500|0|01082011|31082011|
|E510|0000|02|2945,00|0,00|0,00|
|E510|1101|00|1166,55|1111,00|55,55|
|E510|1101|03|0,00|0,00|0,00|
|E510|2102|02|155,00|0,00|0,00|
|E510|5101|51|2469,58|0,00|0,00|
|E520|0,00|0,00|55,55|0,00|0,00|55,55|0,00|
|E990|17|
|G001|1|
|G990|2|
|H001|1|
|H990|2|
|1001|0|
|1010|N|N|N|N|S|N|N|N|N|
|1400|geracao_de_energia_eletrica|3106200|859,36|
|1400|Prestacao_de_Servico_de_Transporte_Rodoviario|3106200|1256,00|
|1400|Produtos_Agropecuarios|3106200|1582,25|
|1990|6|
|9001|0|
|9900|0000|1|
|9900|0001|1|
|9900|0005|1|
|9900|0150|5|
|9900|0175|4|
|9900|0190|2|
|9900|0200|5|
|9900|0400|4|
|9900|0990|1|
|9900|C001|1|
|9900|C100|48|
|9900|C110|2|
|9900|C115|1|
|9900|C140|3|
|9900|C141|3|
|9900|C160|2|
|9900|C170|41|
|9900|C190|41|
|9900|C990|1|
|9900|D001|1|
|9900|D990|1|
|9900|E001|1|
|9900|E100|1|
|9900|E110|1|
|9900|E200|3|
|9900|E210|3|
|9900|E500|1|
|9900|E510|5|
|9900|E520|1|
|9900|E990|1|
|9900|G001|1|
|9900|G990|1|
|9900|H001|1|
|9900|H990|1|
|9900|1001|1|
|9900|1010|1|
|9900|1400|3|
|9900|1990|1|
|9900|9001|1|
|9900|9900|42|
|9900|9990|1|
|9900|9999|1|
|9990|45|
|9999|241|
