|0000|010|0|01102013|31102013|ESTABELECIMENTO TOTVS - N ALTERAR CONTAS|53113791001790||SC|255721161|4209102|85369||A|0|
|0001|0|
|0005|ESTABELECIMENTO TOTVS - N ALTERAR CONTAS|89218900|AV SANTOS DUMONT|831100||SANTO ANTONIO|4340229922|||
|0015|CE|062729608|
|0015|MG|0014673520009|
|0015|MS|282906380|
|0015|MT|134006453|
|0015|RJ|92012050|
|0015|RS|0963385577|
|0015|SC|256179301|
|0015|SP|438010070113|
|0100|CONTABILISTA NEW|79195806920|124528|01905585000232|89200000|RUA 1|2||BAIRRO|4721210000|4721210000||4209102|
|0990|13|
|C001|1|
|C990|2|
|D001|1|
|D990|2|
|E001|0|
|E100|01102013|31102013|
|E110|0,00|0,00|0,00|0,00|0,00|0,00|0,00|0,00|0,00|0,00|0,00|0,00|0,00|0,00|
|E200|CE|01102013|31102013|
|E210|0|0,00|0,00|0,00|0,00|0,00|0,00|0,00|0,00|0,00|0,00|0,00|0,00|0,00|
|E200|MG|01102013|31102013|
|E210|0|0,00|0,00|0,00|0,00|0,00|0,00|0,00|0,00|0,00|0,00|0,00|0,00|0,00|
|E200|MS|01102013|31102013|
|E210|0|0,00|0,00|0,00|0,00|0,00|0,00|0,00|0,00|0,00|0,00|0,00|0,00|0,00|
|E200|MT|01102013|31102013|
|E210|0|0,00|0,00|0,00|0,00|0,00|0,00|0,00|0,00|0,00|0,00|0,00|0,00|0,00|
|E200|RJ|01102013|31102013|
|E210|0|0,00|0,00|0,00|0,00|0,00|0,00|0,00|0,00|0,00|0,00|0,00|0,00|0,00|
|E200|RS|01102013|31102013|
|E210|0|0,00|0,00|0,00|0,00|0,00|0,00|0,00|0,00|0,00|0,00|0,00|0,00|0,00|
|E200|SC|01102013|31102013|
|E210|0|0,00|0,00|0,00|0,00|0,00|0,00|0,00|0,00|0,00|0,00|0,00|0,00|0,00|
|E200|SP|01102013|31102013|
|E210|0|0,00|0,00|0,00|0,00|0,00|0,00|0,00|0,00|0,00|0,00|0,00|0,00|0,00|
|E300|CE|01102013|31102013|
|E310|0|0,00|0,00|0,00|0,00|0,00|0,00|0,00|0,00|0,00|0,00|0,00|0,00|0,00|0,00|0,00|0,00|0,00|0,00|0,00|0,00|
|E300|MG|01102013|31102013|
|E310|0|0,00|0,00|0,00|0,00|0,00|0,00|0,00|0,00|0,00|0,00|0,00|0,00|0,00|0,00|0,00|0,00|0,00|0,00|0,00|0,00|
|E300|MS|01102013|31102013|
|E310|0|0,00|0,00|0,00|0,00|0,00|0,00|0,00|0,00|0,00|0,00|0,00|0,00|0,00|0,00|0,00|0,00|0,00|0,00|0,00|0,00|
|E300|MT|01102013|31102013|
|E310|0|0,00|0,00|0,00|0,00|0,00|0,00|0,00|0,00|0,00|0,00|0,00|0,00|0,00|0,00|0,00|0,00|0,00|0,00|0,00|0,00|
|E300|RJ|01102013|31102013|
|E310|0|0,00|0,00|0,00|0,00|0,00|0,00|0,00|0,00|0,00|0,00|0,00|0,00|0,00|0,00|0,00|0,00|0,00|0,00|0,00|0,00|
|E300|RS|01102013|31102013|
|E310|0|0,00|0,00|0,00|0,00|0,00|0,00|0,00|0,00|0,00|0,00|0,00|0,00|0,00|0,00|0,00|0,00|0,00|0,00|0,00|0,00|
|E300|SC|01102013|31102013|
|E310|0|0,00|0,00|0,00|0,00|0,00|0,00|0,00|0,00|0,00|0,00|0,00|0,00|0,00|0,00|0,00|0,00|0,00|0,00|0,00|0,00|
|E300|SP|01102013|31102013|
|E310|0|0,00|0,00|0,00|0,00|0,00|0,00|0,00|0,00|0,00|0,00|0,00|0,00|0,00|0,00|0,00|0,00|0,00|0,00|0,00|0,00|
|E500|0|01102013|31102013|
|E520|0,00|0,00|0,00|0,00|0,00|0,00|0,00|
|E990|38|
|G001|1|
|G990|2|
|H001|1|
|H990|2|
|K001|1|
|K990|2|
|1001|0|
|1010|N|N|N|N|N|N|N|N|N|
|1990|3|
|9001|0|
|9900|0000|1|
|9900|0001|1|
|9900|0005|1|
|9900|0015|8|
|9900|0100|1|
|9900|0990|1|
|9900|C001|1|
|9900|C990|1|
|9900|D001|1|
|9900|D990|1|
|9900|E001|1|
|9900|E100|1|
|9900|E110|1|
|9900|E200|8|
|9900|E210|8|
|9900|E300|8|
|9900|E310|8|
|9900|E500|1|
|9900|E520|1|
|9900|E990|1|
|9900|G001|1|
|9900|G990|1|
|9900|H001|1|
|9900|H990|1|
|9900|K001|1|
|9900|K990|1|
|9900|1001|1|
|9900|1010|1|
|9900|1990|1|
|9900|9001|1|
|9900|9900|33|
|9900|9990|1|
|9900|9999|1|
|9990|36|
|9999|100|
